% lange Abkuerzungen (selbe Kuerzel wie in abbrev.bib - jeder Eintrag muss in beiden Files eingetragen werden!)

% ACM Computing Surveys
@STRING{CSUR = {ACM Computing Surveys}}

% ACM GIS
@STRING{ACMGIS10 = {Proc.\ ACM 17th International Workshop on Advances in Geographic Information Systems (ACM GIS), San Jose, CA}}
@STRING{ACMGIS09 = {Proc.\ ACM 16th International Workshop on Advances in Geographic Information Systems (ACM GIS), Seattle, WA}}
@STRING{ACMGIS08 = {Proc.\ ACM 15th International Workshop on Advances in Geographic Information Systems (ACM GIS), Irvine, CA}}
@STRING{ACMGIS07 = {Proc.\ ACM 14th International Workshop on Advances in Geographic Information Systems (ACM GIS), Boston, MA}}
@STRING{ACMGIS06 = {Proc.\ ACM 13th International Workshop on Advances in Geographic Information Systems (ACM GIS), Arlington, VA}}
@STRING{ACMGIS05 = {Proc.\ ACM 12th International Workshop on Advances in Geographic Information Systems (ACM GIS), Bremen, Germany}}
@STRING{ACMGIS04 = {Proc.\ ACM 11th International Workshop on Advances in Geographic Information Systems (ACM GIS), Washington D.C.}}
@STRING{ACMGIS03 = {Proc.\ ACM 10th International Workshop on Advances in Geographic Information Systems (ACM GIS), New Orleans, LA}}
@STRING{ACMGIS02 = {Proc.\ ACM 9th International Workshop on Advances in Geographic Information Systems (ACM GIS), McLean, VA}}
@STRING{ACMGIS01 = {Proc.\ ACM 8th International Workshop on Advances in Geographic Information Systems (ACM GIS), Atlanta, GA}}
@STRING{ACMGIS00 = {Proc.\ ACM 7th International Workshop on Advances in Geographic Information Systems (ACM GIS), Washington D.C.}}
@STRING{ACMGIS99 = {Proc.\ ACM 6th International Workshop on Advances in Geographic Information Systems (ACM GIS), Kansas City, KS}}
@STRING{ACMGIS98 = {Proc.\ ACM 5th International Workshop on Advances in Geographic Information Systems (ACM GIS), Washington D.C.}}
@STRING{ACMGIS97 = {Proc.\ ACM 4th International Workshop on Advances in Geographic Information Systems (ACM GIS), Las Vegas, NV}}
@STRING{ACMGIS96 = {Proc.\ ACM 3rd International Workshop on Advances in Geographic Information Systems (ACM GIS), Rockville, MD}}
@STRING{ACMGIS95 = {Proc.\ ACM 2nd International Workshop on Advances in Geographic Information Systems (ACM GIS), Baltimore, MD}}
@STRING{ACMGIS94 = {Proc.\ ACM 1st International Workshop on Advances in Geographic Information Systems (ACM GIS), Gaithersburg, MD}}
@STRING{ACMGIS93 = {Proc.\ ACM International Workshop on Advances in Geographic Information Systems (ACM GIS), Arlington, AV}}

% ACM SAC
@STRING{ACMSAC10 = {Proc.\ 25nd ACM Symposium on Applied Computing (ACM SAC), Sierre, Switzerland}}
@STRING{ACMSAC09 = {Proc.\ 24nd ACM Symposium on Applied Computing (ACM SAC), Honolulu, HI}}
@STRING{ACMSAC08 = {Proc.\ 23rd ACM Symposium on Applied Computing (ACM SAC), Ceará, Brazil}}
@STRING{ACMSAC07 = {Proc.\ 22nd ACM Symposium on Applied Computing (ACM SAC), Seoul, Korea}}
@STRING{ACMSAC06 = {Proc.\ 21st ACM Symposium on Applied Computing (ACM SAC), Dijon, France}}
@STRING{ACMSAC05 = {Proc.\ 20th ACM Symposium on Applied Computing (ACM SAC), Santa Fe, NM}}
@STRING{ACMSAC04 = {Proc.\ 19th ACM Symposium on Applied Computing (ACM SAC), Nicosia, Cyprus}}
@STRING{ACMSAC03 = {Proc.\ 18th ACM Symposium on Applied Computing (ACM SAC), Melbourne, FL}}
@STRING{ACMSAC02 = {Proc.\ 17th ACM Symposium on Applied Computing (ACM SAC), Madrid, Spain}}
@STRING{ACMSAC01 = {Proc.\ 16th ACM Symposium on Applied Computing (ACM SAC), Las Vegas, NV}}
@STRING{ACMSAC00 = {Proc.\ 15th ACM Symposium on Applied Computing (ACM SAC), Villa Olmo, Italy}}
@STRING{ACMSAC99 = {Proc.\ 14th ACM Symposium on Applied Computing (ACM SAC), San Antonio, TX}}
@STRING{ACMSAC98 = {Proc.\ 13th ACM Symposium on Applied Computing (ACM SAC), Atlanta, GA}}
@STRING{ACMSAC97 = {Proc.\ 12th ACM Symposium on Applied Computing (ACM SAC), San Jose, CA}}
@STRING{ACMSAC96 = {Proc.\ 11th ACM Symposium on Applied Computing (ACM SAC), Philadelphia, PA}}
@STRING{ACMSAC95 = {Proc.\ 10th ACM Symposium on Applied Computing (ACM SAC), Nashville, TN}}
@STRING{ACMSAC94 = {Proc.\ 9th ACM Symposium on Applied Computing (ACM SAC), Phoenix, AZ}}
@STRING{ACMSAC93 = {Proc.\ 8th ACM Symposium on Applied Computing (ACM SAC), Indianapolis, IN}}

% ACM Transactions on Database Systems
@STRING{TODS = {ACM Transactions on Database Systems}}

% ADC
@STRING{ADC98 = {Proceedings of th 9th Australasian Database Conference (ADC), Perth, Australia}}

% APBC
@STRING{APBC06 = {Proceedings of 4th Annual Asia Pacific Bioinformatics Conference (APBC), Taipei, Taiwan}}

% Bioinformatics
@STRING{Bioinformatics = {Bioinformatics}}

% BMC Bioinformatics
@STRING{BMCBioinformatics = {BMC Bioinformatics}}
% BTW
@STRING{BTW09 = {Proceedings of the 13th GI-Fachtagung füer Datenbanksysteme in Business, Technologie und Web (BTW), Münster, Germany}}
@STRING{BTW07 = {Proceedings of the 12th GI-Fachtagung füer Datenbanksysteme in Business, Technologie und Web (BTW), Aachen, Germany}}
@STRING{BTW05 = {Proceedings of the 11th GI-Fachtagung füer Datenbanksysteme in Business, Technologie und Web (BTW), Karlsruhe, Germany}}
@STRING{BTW03 = {Proceedings of the 10th GI-Fachtagung füer Datenbanksysteme in Business, Technologie und Web (BTW), Leipzig, Germany}}
@STRING{BTW01 = {Proceedings of the 9th GI-Fachtagung füer Datenbanksysteme in Business, Technologie und Web (BTW), Oldenburg, Germany}}
@STRING{BTW99 = {Proceedings of the 8th GI-Fachtagung füer Datenbanksysteme in Business, Technologie und Web (BTW), Freiburg, Germany}}
@STRING{BTW97 = {Proceedings of the 7th GI-Fachtagung füer Datenbanksysteme in Business, Technologie und Web (BTW), Ulm, Germany}}
@STRING{BTW95 = {Proceedings of the 6th GI-Fachtagung füer Datenbanksysteme in Business, Technologie und Web (BTW), Dresden, Germany}}
@STRING{BTW93 = {Proceedings of the 5th GI-Fachtagung füer Datenbanksysteme in Business, Technologie und Web (BTW), Braunschweig, Germany}}
@STRING{BTW91 = {Proceedings of the 4th GI-Fachtagung füer Datenbanksysteme in Business, Technologie und Web (BTW), Kaiserslautern, Germany}}
@STRING{BTW89 = {Proceedings of the 3rd GI-Fachtagung füer Datenbanksysteme in Business, Technologie und Web (BTW), Zürich, Swizerland}}
@STRING{BTW87 = {Proceedings of the 2nd GI-Fachtagung füer Datenbanksysteme in Business, Technologie und Web (BTW), Darmstadt, Germany}}
@STRING{BTW85 = {Proceedings of the 1st GI-Fachtagung füer Datenbanksysteme in Business, Technologie und Web (BTW), Karlsruhe, Germany}}

% conference of the Centre for Advanced Studies on Collaborative research
@STRING{CASCON97={Proceedings of the conference of the Centre for Advanced Studies on Collaborative research (CASCON), Toronto, Canada}}

% ChemBioInfoJ
@String{ChemBioInfoJ = {Chem-Bio Informatics Journal}}

% CIBCB
@STRING{CIBCB04 = {Proceedings of the 2004 IEEE Symposium on Computational Intelligance in Bioinformatics and Computational Biology (CIBCB), La Jolla, CA}}

% CIKM
@STRING{CIKM12 = {Proceedings of the 19th International Conference on Information and Knowledge Management (CIKM), Maui, HI, USA}}
@STRING{CIKM10 = {Proceedings of the 19th International Conference on Information and Knowledge Management (CIKM), Toronto, ON, Canada}}
@STRING{CIKM09 = {Proceedings of the 18th International Conference on Information and Knowledge Management (CIKM), Hong Kong, China}}
@STRING{CIKM08 = {Proceedings of the 17th International Conference on Information and Knowledge Management (CIKM), Napa Valley, CA}}
@STRING{CIKM07 = {Proceedings of the 16th International Conference on Information and Knowledge Management (CIKM), Lisbon, Portugal}}
@STRING{CIKM06 = {Proceedings of the 15th International Conference on Information and Knowledge Management (CIKM), Arlington, VA}}
@STRING{CIKM05 = {Proceedings of the 14th International Conference on Information and Knowledge Management (CIKM), Bremen, Germany}}
@STRING{CIKM04 = {Proceedings of the 13th International Conference on Information and Knowledge Management (CIKM), Washington, D.C.}}
@STRING{CIKM03 = {Proceedings of the 12th International Conference on Information and Knowledge Management (CIKM), New Orleans, LA}}
@STRING{CIKM02 = {Proceedings of the 11th International Conference on Information and Knowledge Management (CIKM), McLean, VA}}
@STRING{CIKM01 = {Proceedings of the 10th International Conference on Information and Knowledge Management (CIKM), Atlanta, GA}}
@STRING{CIKM00 = {Proceedings of the 9th International Conference on Information and Knowledge Management (CIKM), Washington, D.C.}}
@STRING{CIKM99 = {Proceedings of the 8th International Conference on Information and Knowledge Management (CIKM), Kansas City, MO}}
@STRING{CIKM98 = {Proceedings of the 7th International Conference on Information and Knowledge Management (CIKM), Bethesda, MD}}
@STRING{CIKM97 = {Proceedings of the 6th International Conference on Information and Knowledge Management (CIKM), Las Vegas, NV}}
@STRING{CIKM96 = {Proceedings of the 5th International Conference on Information and Knowledge Management (CIKM), Rockville, MD}}
@STRING{CIKM95 = {Proceedings of the 4th International Conference on Information and Knowledge Management (CIKM), Baltimore, MD}}
@STRING{CIKM94 = {Proceedings of the 3rd International Conference on Information and Knowledge Management (CIKM), Gaithersburg, MD}}
@STRING{CIKM93 = {Proceedings of the 2nd International Conference on Information and Knowledge Management (CIKM), Washington, D.C.}}
@STRING{CIKM92 = {Proceedings of the 1st International Conference on Information and Knowledge Management (CIKM), Baltimore, MD}}

% COLT
@STRING{COLT98 = {Proceedings of the 11th Annual Conference on Computational Learning Theory (COLT), Madison, WI}}

% Communications of the ACM
@STRING{CommunicationsACM = {Communications of the ACM}}

% Computational Statistics and Data Analysis
@STRING{CSDA = {Computational Statistics and Data Analysis}}

% Computer Vision, Graphics, and Image Processing
@STRING{ComputerVisionGraphicsAndImageProcessing = {Computer Vision, Graphics, and Image Processing}}

%CSB
@STRING{CSB03 = {Proceedings of the 2nd IEEE Computer Society Bioinformatics Conference (CSB), Stanford, CA}}

% CurrGenet
@STRING{CurrGenet = {Current Genetics}}

% CurrProteinPeptSci
@STRING{CurrProteinPeptSci = {Current Protein and Peptide Science}}

% DBA
@STRING{DBA04 = {Proceedings of the IASTED International Conference on Databases and Applications (DBA 2004), Innsbruck, Austria}}
%
% Data & Knowledge Engineering
@STRING{DKE = {Data \& Knowledge Engineering}}
%

% DMKD
@STRING{DMKD00 = {Proceedings of the ACM SIGMOD Workshop on Research Issues in Data Mining and Knowledge Discovery (DMKD), Dallas, TX}}

% DASFAA
@STRING{DASFAA10 = {Proceedings of the 15th International Conference on Database Systems for Advanced Applications (DASFAA), Tsukuba, Japan}}}
@STRING{DASFAA09 = {Proceedings of the 14th International Conference on Database Systems for Advanced Applications (DASFAA), Brisbane, Australia}}}
@STRING{DASFAA08 = {Proceedings of the 13th International Conference on Database Systems for Advanced Applications (DASFAA), New Delhi, India}}}
@STRING{DASFAA07 = {Proceedings of the 12th International Conference on Database Systems for Advanced Applications (DASFAA), Bangkok, Thailand}}}
@STRING{DASFAA06 = {Proceedings of the 11th International Conference on Database Systems for Advanced Applications (DASFAA), Singapore}}
@STRING{DASFAA05 = {Proceedings of the 10th International Conference on Database Systems for Advanced Applications (DASFAA), Beijing, China}}
@STRING{DASFAA04 = {Proceedings of the 9th International Conference on Database Systems for Advanced Applications (DASFAA), Jeju Island, Korea}}
@STRING{DASFAA03 = {Proceedings of the 8th International Conference on Database Systems for Advanced Applications (DASFAA), Kyoto, Japan}}
@STRING{DASFAA01 = {Proceedings of the 7th International Conference on Database Systems for Advanced Applications (DASFAA), Hong Kong, China}}
@STRING{DASFAA00 = {Current Issues in Databases and Information Systems, East-European Conference on Advances in Databases and Information Systems Held Jointly with International Conference on Database Systems for Advanced Applications, ADBIS-DASFAA, Prague, Czech Republic}}
@STRING{DASFAA99 = {Proceedings of the 6th International Conference on Database Systems for Advanced Applications (DASFAA), Hsinchu, Taiwan}}
@STRING{DASFAA97 = {Proceedings of the 5th International Conference on Database Systems for Advanced Applications (DASFAA), Melbourne, Australia}}
@STRING{DASFAA95 = {Proceedings of the 4th International Conference on Database Systems for Advanced Applications (DASFAA), Singapore}}
@STRING{DASFAA93 = {Proceedings of the 3rd International Conference on Database Systems for Advanced Applications (DASFAA), Daejeon, Korea}}
@STRING{DASFAA91 = {Proceedings of the 2nd International Conference on Database Systems for Advanced Applications (DASFAA), Tokyo, Japan}}
@STRING{DASFAA89 = {Proceedings of the 1st International Conference on Database Systems for Advanced Applications (DASFAA), Seoul, Korea}}

% ECML
@STRING{ECML94 = {Machine Learning: ECML-94, European Conference on Machine Learning, Catania, Italy, April 6-8, 1994, Proceedings}}
@STRING{ECML03 = {Proceedings of the 14th European Conference on Machine Learning (ECML), Cavtat-Dubrovnik, Croatia}}

% EDBT
@STRING{EDBT10 = {Proceedings of the 14th International Conference on Extending Database Technology (EDBT), Lausanne, Switzerland}}
@STRING{EDBT09 = {Proceedings of the 13th International Conference on Extending Database Technology (EDBT), Saint-Petersburg, Russia}}
@STRING{EDBT08 = {Proceedings of the 12th International Conference on Extending Database Technology (EDBT), Nantes, France}}
@STRING{EDBT06 = {Proceedings of the 10th International Conference on Extending Database Technology (EDBT), Munich, Germany}}
@STRING{EDBT04 = {Proceedings of the 9th International Conference on Extending Database Technology (EDBT), Crete, Greece}}
@STRING{EDBT02 = {Proceedings of the 8th International Conference on Extending Database Technology (EDBT), Prague, Czech Republic}}
@STRING{EDBT00 = {Proceedings of the 7th International Conference on Extending Database Technology (EDBT), Konstanz, Germany}}
@STRING{EDBT98 = {Proceedings of the 6th International Conference on Extending Database Technology (EDBT), Valencia, Spain}}
@STRING{EDBT96 = {Proceedings of the 5th International Conference on Extending Database Technology (EDBT), Avignon, France}}
@STRING{EDBT94 = {Proceedings of the 4th International Conference on Extending Database Technology (EDBT), Cambridge, UK}}
@STRING{EDBT92 = {Proceedings of the 3rd International Conference on Extending Database Technology (EDBT), Vienna, Austria}}
@STRING{EDBT90 = {Proceedings of the 2nd International Conference on Extending Database Technology (EDBT), Venice, Italy}}
@STRING{EDBT88 = {Proceedings of the 1st International Conference on Extending Database Technology (EDBT), Venice, Italy}}

% EMBOJ
@STRING{EMBOJ = {The EMBO Journal}}
% EMBORep
@STRING{EMBORep = {EMBO Reports}}

% ESOA
@STRING{ESOA04 = {Proceedings of the 2nd International Workshop on Engineering Self-Organising Applications (ESOA), New York}}

% European Journal of Biochemistry
@STRING{EurJBiochem = {European Journal of Biochemistry}}

% FEBSLett
@STRING{FEBSLett = {FEBS Letters}}

% Genetics and Molecular Biology
@STRING{GenetMolBiol = {Genetics and Molecular Biology}}

% GenesDev
@STRING{GenesDev = {Genes \& Development}}

% GenomeRes
@STRING{GenomeRes = {Genome Research}}

% Genomics, Proteomics, and Bioinformatics
@STRING{GenoProtBioinfo = {Genomics, Proteomics, and Bioinformatics}}

%IBM Systems Journal
@STRING{IBMSystJ = {IBM Systems Journal}}

% ICDE
@STRING{ICDE12 = {Proceedings of the 28st International Conference on Data Engineering (ICDE), Washington, DC}}
@STRING{ICDE10 = {Proceedings of the 26st International Conference on Data Engineering (ICDE), Long Beach, CA}}
@STRING{ICDE09 = {Proceedings of the 25st International Conference on Data Engineering (ICDE), Shanghai, China}}
@STRING{ICDE08 = {Proceedings of the 24st International Conference on Data Engineering (ICDE), Cancún, México}}
@STRING{ICDE07 = {Proceedings of the 23rd International Conference on Data Engineering (ICDE), Istanbul, Turkey}}
@STRING{ICDE06 = {Proceedings of the 22nd International Conference on Data Engineering (ICDE), Atlanta, GA}}
@STRING{ICDE05 = {Proceedings of the 21st International Conference on Data Engineering (ICDE), Tokyo, Japan}}
@STRING{ICDE04 = {Proceedings of the 20th International Conference on Data Engineering (ICDE), Boston, MA}}
@STRING{ICDE03 = {Proceedings of the 19th International Conference on Data Engineering (ICDE), Bangalore, India}}
@STRING{ICDE02 = {Proceedings of the 18th International Conference on Data Engineering (ICDE), San Jose, CA}}
@STRING{ICDE01 = {Proceedings of the 17th International Conference on Data Engineering (ICDE), Heidelberg, Germany}}
@STRING{ICDE00 = {Proceedings of the 16th International Conference on Data Engineering (ICDE), San Diego, CA}}
@STRING{ICDE99 = {Proceedings of the 15th International Conference on Data Engineering (ICDE), Sydney, Australia}}
@STRING{ICDE98 = {Proceedings of the 14th International Conference on Data Engineering (ICDE), Orlando, FL}}
@STRING{ICDE97 = {Proceedings of the 13th International Conference on Data Engineering (ICDE), Birmingham, U.K.}}
@STRING{ICDE96 = {Proceedings of the 12th International Conference on Data Engineering (ICDE), New Orleans, LA}}
@STRING{ICDE95 = {Proceedings of the 11th International Conference on Data Engineering (ICDE), Taipei, Taiwan}}
@STRING{ICDE94 = {Proceedings of the 10th International Conference on Data Engineering (ICDE), Houston, TX}}
@STRING{ICDE93 = {Proceedings of the 9th International Conference on Data Engineering (ICDE), Vienna, Austria}}
@STRING{ICDE92 = {Proceedings of the 8th International Conference on Data Engineering (ICDE), Tempe, AZ}}
@STRING{ICDE91 = {Proceedings of the 7th International Conference on Data Engineering (ICDE), Kobe, Japan}}
@STRING{ICDE90 = {Proceedings of the 6th International Conference on Data Engineering (ICDE), Los Angeles, CA}}
@STRING{ICDE89 = {Proceedings of the 5th International Conference on Data Engineering (ICDE), Los Angeles, CA}}
@STRING{ICDE88 = {Proceedings of the 4th International Conference on Data Engineering (ICDE), Los Angeles, CA}}
@STRING{ICDE87 = {Proceedings of the 3rd International Conference on Data Engineering (ICDE), Los Angeles, CA}}
@STRING{ICDE86 = {Proceedings of the 2nd International Conference on Data Engineering (ICDE), Los Angeles, CA}}
@STRING{ICDE85 = {Proceedings of the 1st International Conference on Data Engineering (ICDE), Los Angeles, CA}}

% ICDM
@STRING{ICDM10 = {Proceedings of the 10th International Conference on Data Mining (ICDM), Sydney, Australia}}
@STRING{ICDM09 = {Proceedings of the 9th International Conference on Data Mining (ICDM), Miami, FL}}
@STRING{ICDM08 = {Proceedings of the 8th International Conference on Data Mining (ICDM), Pisa, Italy}}
@STRING{ICDM07 = {Proceedings of the 7th International Conference on Data Mining (ICDM), Omaha, NE}}
@STRING{ICDM06 = {Proceedings of the 6th International Conference on Data Mining (ICDM), Hong Kong, China}}
@STRING{ICDM05 = {Proceedings of the 5th International Conference on Data Mining (ICDM), Houston, TX}}
@STRING{ICDM04 = {Proceedings of the 4th International Conference on Data Mining (ICDM), Brighton, U.K.}}
@STRING{ICDM03 = {Proceedings of the 3th International Conference on Data Mining (ICDM), Melbourne, FL}}
@STRING{ICDM02 = {Proceedings of the 2th International Conference on Data Mining (ICDM), Maebashi City, Japan}}
@STRING{ICDM01 = {Proceedings of the 1th International Conference on Data Mining (ICDM), San Jose, CA}}

% ICDT
@STRING{ICDT99 = {Proceedings of the 7th International Conference on Database Theory (ICDT), Jerusalem, Israel}}
@STRING{ICDT01 = {Proceedings of the 8th International Conference on Database Theory (ICDT), London, U.K.}}

% ICIP
@STRING{ICIP03 = {Proceedings of the IEEE International Conference on Image Processing (ICIP), Barcelona, Spain}}
@STRING{ICIP97 = {Proceedings of the IEEE International Conference on Image Processing (ICIP), Santa Barbara, CA}}

% ICME
@STRING{ICME04 = {Proceedings of the IEEE International Conference on Multimedia and Expo (ICME), Taipei, Taiwan}}.

% ICML
@STRING{ICML05 = {Proceedings of the 22nd International Conference on Machine Learning (ICML), Bonn, Germany}}
@STRING{ICML02 = {Proceedings of the 19th International Conference on Machine Learning (ICML), Sydney, Australia}}
@STRING{ICML01 = {Proceedings of the 18th International Conference on Machine Learning (ICML), Williams College, MA}}
@STRING{ICML00 = {Proceedings of the 17th International Conference on Machine Learning (ICML), Stanford University, CA}}

% ICPR
@STRING{ICPR02 = {Proceedings of the 16th International Conference on Pattern Recognition (ICPR), Quebec, Canada}}
@STRING{ICPR00 = {Proceedings of the 14th International Conference on Pattern Recognition (ICPR), Barcelona, Spain}}

% IEEE Transactions
@STRING{IEEETASSP = {IEEE Transactions on Acoustics, Speech, and Signal Processing}}
@STRING{IEEETCBB = {IEEE Transactions on Computational Biology and Bioinformatics}}
@STRING{IEEETKDD = {IEEE Transactions on Knowledge Discovery and Data Mining}}
@STRING{TKDD = {IEEE Transactions on Knowledge Discovery and Data Mining}}
@STRING{IEEETKDE = {IEEE Transactions on Knowledge and Data Engineering}}
@STRING{TKDE = {IEEE Transactions on Knowledge and Data Engineering}}
@STRING{IEEETPAMI = {IEEE Transactions on Pattern Analysis and Machine Intelligence}}
@STRING{TPAMI = {IEEE Transactions on Pattern Analysis and Machine Intelligence}}
@STRING{TSAP = {IEEE Transactions on Speech and Audio Processing}}
@STRING{IEEETSAP = {IEEE Transactions on Speech and Audio Processing}}
@STRING{TSMC = {IEEE Transactions on Systems, Man, and Cybernetics}}
@STRING{IEEETSMC = {IEEE Transactions on Systems, Man, and Cybernetics}}

% Information Software and Technology
@STRING{InfSof = {Information and Software Technology}}

% In Silico Biology
@STRING{InSilicoBiology = {In Silico Biology}}

% International Journal of Business Intelligence and Data Mining
@STRING{BusinessIntelligenceDataMining = {International Journal of Business Intelligence and Data Mining}}

% ISMB
@STRING{ISMB06 = {Proceedings of the 14th International Conference Intelligent Systems for Molecular Biology (ISMB), Fortaleza, Brazil}}
@STRING{ISMB05 = {Proceedings of the 13rd International Conference Intelligent Systems for Molecular Biology (ISMB), Detroit, MI}}
@STRING{ISMB04 = {Proceedings of the 12nd International Conference Intelligent Systems for Molecular Biology (ISMB), Glasgow, U.K.}}
@STRING{ISMB03 = {Proceedings of the 11th International Conference Intelligent Systems for Molecular Biology (ISMB), Brisbane, Australia}}
@STRING{ISMB02 = {Proceedings of the 10th International Conference Intelligent Systems for Molecular Biology (ISMB), Edmonton, Canada}}
@STRING{ISMB01 = {Proceedings of the 9th International Conference Intelligent Systems for Molecular Biology (ISMB), Copenhangen, Denmark}}
@STRING{ISMB00 = {Proceedings of the 8th International Conference Intelligent Systems for Molecular Biology (ISMB), San Diego, CA}}

% Journal of Biological Chemistry
@STRING{JBC = {Journal of Biological Chemistry}}

% JBioenergBiomembr
@STRING{JBioenergBiomembr = {Journal of Bioenergetics and Biomembranes}}

% Journal of Computational Biology
@STRING{JCOBEM = {Journal of Computational Biology}}
@STRING{JComputBiol = {Journal of Computational Biology}}

% Journal of Cybernetics
@STRING{JCybernet = {Journal of Cybernetics}}

% Journal of Intelligent Information Systems
@STRING{JIIS = {Journal of Intelligent Information Systems}}

% JMachLearnRes
@STRING{JMachLearnRes = {Journal of Machine Learning Research}}

% Journal of Microscopy and Analysis
@STRING{JMA = {Journal of Microscopy and Analysis}}

% Journal of Molecular Biology
@STRING{JMolBiol = {Journal of Molecular Biology}}

% Journal of the American Statistical Association
@STRING{JASA = {Journal of the American Statistical Association}}

% Journal of the Royal Statistical Society: Series B (Statistical Methodology)
@STRING{JRStatistSocB = {Journal of the Royal Statistical Society: Series B (Statistical Methodology)}}

% KAIS
@STRING{KAIS = {Knowledge and Information Systems (KAIS)}}

% KDD
@STRING{KDD10 = {Proceedings of the 16th ACM International Conference on Knowledge Discovery and Data Mining (SIGKDD), Washington, D.C.}}
@STRING{KDD09 = {Proceedings of the 15th ACM International Conference on Knowledge Discovery and Data Mining (SIGKDD), Paris, France}}
@STRING{KDD08 = {Proceedings of the 14th ACM International Conference on Knowledge Discovery and Data Mining (SIGKDD), Las Vegas, NV}}
@STRING{KDD07 = {Proceedings of the 13rd ACM International Conference on Knowledge Discovery and Data Mining (SIGKDD), San Jose, CA}}
@STRING{KDD06 = {Proceedings of the 12nd ACM International Conference on Knowledge Discovery and Data Mining (SIGKDD), Philadelphia, PA}}
@STRING{KDD05 = {Proceedings of the 11th ACM International Conference on Knowledge Discovery and Data Mining (SIGKDD), Chicago, IL}}
@STRING{KDD04 = {Proceedings of the 10th ACM International Conference on Knowledge Discovery and Data Mining (SIGKDD), Seattle, WA}}
@STRING{KDD03 = {Proceedings of the 9th ACM International Conference on Knowledge Discovery and Data Mining (SIGKDD), Washington, D.C.}}
@STRING{KDD02 = {Proceedings of the 8th ACM International Conference on Knowledge Discovery and Data Mining (SIGKDD), Edmonton, Alberta}}
@STRING{KDD01 = {Proceedings of the 7th ACM International Conference on Knowledge Discovery and Data Mining (SIGKDD), San Francisco, CA}}
@STRING{KDD00 = {Proceedings of the 6th ACM International Conference on Knowledge Discovery and Data Mining (SIGKDD), Boston, MA}}
@STRING{KDD99 = {Proceedings of the 5th ACM International Conference on Knowledge Discovery and Data Mining (SIGKDD), San Diego, CA}}
@STRING{KDD98 = {Proceedings of the 4th International Conference on Knowledge Discovery and Data Mining (KDD), New York City, NY}}
@STRING{KDD97 = {Proceedings of the 3rd ACM International Conference on Knowledge Discovery and Data Mining (KDD), Newport Beach, CA}}
@STRING{KDD96 = {Proceedings of the 2nd ACM International Conference on Knowledge Discovery and Data Mining (KDD), Portland, OR}}
@STRING{KDD95 = {Proceedings of the 1st ACM International Conference on Knowledge Discovery and Data Mining (KDD), Montreal, Canada}}

% MachineLearning
@STRING{MachineLearning = {Machine Learning}}

% MCS
@STRING{MCS00 = {First International Workshop on Multiple Classifier Systems (MCS), Cagliari, Italy}}

% MedPhys
@STRING{MedPhys = {Medical Physics}}

% ML
@STRING{ML92 = {Proceedings of the Ninth International Workshop on Machine Learning (ML 1992), Aberdeen, Scotland, UK}}

% MDM
@STRING{MDM10 = {Proceedings of the 10th International Conference on Mobile Data Management (MDM), Bengaluru, India}}
@STRING{MDM09 = {Proceedings of the 10th International Conference on Mobile Data Management (MDM), Taipei, Taiwan}}
@STRING{MDM04 = {Proceedings of the 5th International Conference on Mobile Data Management (MDM), Berkeley, CA}}

% MMM
@STRING{MMM98 = {Proceedings of the 4th IEEE International MultiMedia Modelling Conference (MMM), Washington, D.C.}}
@STRING{MMM06 = {Proceedings of the 12th IEEE International MultiMedia Modelling Conference (MMM), Beijing, China}}

% Molecular Biology of the Cell
@STRING{MolBiolCell = {Molecular Biology of the Cell}}

% MolMembrBiol
@STRING{MolMembrBiol = {Molecular Membrane Biology}}

% Nature Genetics
@STRING{NatGenet = {Nature Genetics}}

% Nucleic Acids Research
@STRING{NucleicAcidsResearch = {Nucleic Acids Research}}

% NIPS
@STRING{NIPS = {Advances in Neural Information Processing Systems}},

% PAKDD
@STRING{PAKDD10 = {Proceedings of the 14th Pacific-Asia Conference on Knowledge Discovery and Data Mining (PAKDD), Hyderabad, India}}
@STRING{PAKDD09 = {Proceedings of the 13rd Pacific-Asia Conference on Knowledge Discovery and Data Mining (PAKDD), Bangkok, Thailand}}
@STRING{PAKDD08 = {Proceedings of the 12nd Pacific-Asia Conference on Knowledge Discovery and Data Mining (PAKDD), Osaka, Japan}}
@STRING{PAKDD07 = {Proceedings of the 11th Pacific-Asia Conference on Knowledge Discovery and Data Mining (PAKDD), Nanjing, China}}
@STRING{PAKDD06 = {Proceedings of the 10th Pacific-Asia Conference on Knowledge Discovery and Data Mining (PAKDD), Singapore}}
@STRING{PAKDD05 = {Proceedings of the 9th Pacific-Asia Conference on Knowledge Discovery and Data Mining (PAKDD), Hanoi, Vietnam}}
@STRING{PAKDD04 = {Proceedings of the 8th Pacific-Asia Conference on Knowledge Discovery and Data Mining (PAKDD), Sydney, Australia}}
@STRING{PAKDD03 = {Proceedings of the 7th Pacific-Asia Conference on Knowledge Discovery and Data Mining (PAKDD), Seoul, Korea}}
@STRING{PAKDD02 = {Proceedings of the 6th Pacific-Asia Conference on Knowledge Discovery and Data Mining (PAKDD), Taipei, Taiwan}}


% PKDD
@STRING{PKDD10 = {Proceedings of the 14th European Conference on Principles of Knowledge Discovery and Data Mining (PKDD), Barcelona, Spain}}
@STRING{PKDD09 = {Proceedings of the 13rd European Conference on Principles of Knowledge Discovery and Data Mining (PKDD), Bled, Slovenia}}
@STRING{PKDD08 = {Proceedings of the 12nd European Conference on Principles of Knowledge Discovery and Data Mining (PKDD), Antwerp, Belgium}}
@STRING{PKDD07 = {Proceedings of the 11th European Conference on Principles of Knowledge Discovery and Data Mining (PKDD), Warsaw, Poland}}
@STRING{PKDD06 = {Proceedings of the 10th European Conference on Principles of Knowledge Discovery and Data Mining (PKDD), Berlin, Germany}}
@STRING{PKDD05 = {Proceedings of the 9th European Conference on Principles of Knowledge Discovery and Data Mining (PKDD), Porto, Portugal}}
@STRING{PKDD04 = {Proceedings of the 8th European Conference on Principles of Knowledge Discovery and Data Mining (PKDD), Pisa, Italy}}
@STRING{PKDD03 = {Proceedings of the 7th European Conference on Principles of Knowledge Discovery and Data Mining (PKDD), Cavtat-Dubrovnik, Croatia}}
@STRING{PKDD02 = {Proceedings of the 6th European Conference on Principles of Knowledge Discovery and Data Mining (PKDD), Helsinki, Finland}}
@STRING{PKDD01 = {Proceedings of the 5th European Conference on Principles of Knowledge Discovery and Data Mining (PKDD), Freiburg, Germany}}
@STRING{PKDD00 = {Proceedings of the 4th European Conference on Principles of Knowledge Discovery and Data Mining (PKDD), Lyon, France}}
@STRING{PKDD99 = {Proceedings of the 3rd European Conference on Principles of Knowledge Discovery and Data Mining (PKDD), Prague, Czech Republic}}
@STRING{PKDD98 = {Proceedings of the 2nd European Conference on Principles of Knowledge Discovery and Data Mining (PKDD), Nantes, France}}
@STRING{PKDD97 = {Proceedings of the 1st European Conference on Principles of Knowledge Discovery and Data Mining (PKDD), Trondheim, Norway}}

% PNAS
@STRING{PNAS = {Proceedings of the National Academy of Sciences of the United States of America}}

% ProteinEng
@STRING{ProteinEng = {Protein Engineering}}

% Proteins: Structure, Function, and Genetics
@STRING{Proteins = {Proteins: Structure, Function, and Genetics}}

% Protein Science
@STRING{ProteinSci = {Protein Science}}

% PSB
@STRING{PSB98 = {Proceedings of the 3rd Pacific Symposium on Biocomputing (PSB), Maui, HI}}
@STRING{PSB02 = {Proceedings of the 7th Pacific Symposium on Biocomputing (PSB), Maui, HI}}
@STRING{PSB03 = {Proceedings of the 8th Pacific Symposium on Biocomputing (PSB), Maui, HI}}

% QDB/MUD
@STRING{QDB/MUD08 = {Proceedings of the 6th International Workshop on Quality in Databases and Management of Uncertain Data (QDB/MUD), Auckland, New Zealand}}

% RECOMB
@STRING{RECOMB04 = {Proceedings of the 8th Annual International Conference on Computational Molecular Biology (RECOMB), San Diego, CA}}
@STRING{RECOMB03 = {Proceedings of the 7th Annual International Conference on Computational Molecular Biology (RECOMB), Berlin, Germany}}
@STRING{RECOMB02 = {Proceedings of the 6th Annual International Conference on Computational Molecular Biology (RECOMB), Washington, D.C.}}
@STRING{RECOMB01 = {Proceedings of the 5th Annual International Conference on Computational Molecular Biology (RECOMB), Montreal, Canada}}
@STRING{RECOMB00 = {Proceedings of the 4th Annual International Conference on Computational Molecular Biology (RECOMB), Tokyo, Japan}}
@STRING{RECOMB99 = {Proceedings of the 3rd Annual International Conference on Computational Molecular Biology (RECOMB), Lyon, France}}
@STRING{RECOMB98 = {Proceedings of the 2nd Annual International Conference on Computational Molecular Biology (RECOMB), New York, NY}}
@STRING{RECOMB97 = {Proceedings of the 1st Annual International Conference on Computational Molecular Biology (RECOMB), Santa Fe, NM}}

% SIAM / SDM
@STRING{SIAM10 = {Proceedings of the 10th SIAM International Conference on Data Mining (SDM), Columbus, OH}}
@STRING{SDM10 = {Proceedings of the 10th SIAM International Conference on Data Mining (SDM), Columbus, OH}}
@STRING{SIAM09 = {Proceedings of the 9th SIAM International Conference on Data Mining (SDM), Sparks, NV}}
@STRING{SDM09 = {Proceedings of the 9th SIAM International Conference on Data Mining (SDM), Sparks, NV}}
@STRING{SIAM08 = {Proceedings of the 8th SIAM International Conference on Data Mining (SDM), Atlanta, GA}}
@STRING{SDM08 = {Proceedings of the 8th SIAM International Conference on Data Mining (SDM), Atlanta, GA}}
@STRING{SIAM07 = {Proceedings of the 7th SIAM International Conference on Data Mining (SDM), Minneapolis, MN}}
@STRING{SDM07 = {Proceedings of the 7th SIAM International Conference on Data Mining (SDM), Minneapolis, MN}}
@STRING{SIAM06 = {Proceedings of the 6th SIAM International Conference on Data Mining (SDM), Bethesda, MD}}
@STRING{SDM06 = {Proceedings of the 6th SIAM International Conference on Data Mining (SDM), Bethesda, MD}}
@STRING{SIAM05 = {Proceedings of the 5th SIAM International Conference on Data Mining (SDM), Newport Beach, CA}}
@STRING{SDM05 = {Proceedings of the 5th SIAM International Conference on Data Mining (SDM), Newport Beach, CA}}
@STRING{SIAM04 = {Proceedings of the 4th SIAM International Conference on Data Mining (SDM), Orlando, FL}}
@STRING{SDM04 = {Proceedings of the 4th SIAM International Conference on Data Mining (SDM), Orlando, FL}}
@STRING{SIAM03 = {Proceedings of the 3rd SIAM International Conference on Data Mining (SDM), San Francisco, CA}}
@STRING{SDM03 = {Proceedings of the 3rd SIAM International Conference on Data Mining (SDM), San Francisco, CA}}
@STRING{SIAM02 = {Proceedings of the 2nd SIAM International Conference on Data Mining (SDM), Arlington, VA}}
@STRING{SDM02 = {Proceedings of the 2nd SIAM International Conference on Data Mining (SDM), Arlington, VA}}
@STRING{SIAM01 = {Proceedings of the 1st SIAM International Conference on Data Mining (SDM), Chicago, IL}}
@STRING{SDM01 = {Proceedings of the 1st SIAM International Conference on Data Mining (SDM), Chicago, IL}}

% SIAM Journal on Numerical Analysis
@STRING{SJAN = {SIAM Journal on Numerical Analysis}}

% SIGIR
@STRING {SIGIR03 = {Proceedings of the 26nd International Conference on Research and Development in Information Retrieval (SIGIR), Toronto, Canada}}
@STRING {SIGIR99 = {Proceedings of the 22nd International Conference on Research and Development in Information Retrieval (SIGIR), Berkeley, CA}}

% SIGMOD
@STRING{SIGMOD10 = {Proceedings of the ACM International Conference on Management of Data (SIGMOD), Indianapolis, IN}}
@STRING{SIGMOD09 = {Proceedings of the ACM International Conference on Management of Data (SIGMOD), Providence, RI}}
@STRING{SIGMOD08 = {Proceedings of the ACM International Conference on Management of Data (SIGMOD), Vancouver, BC}}
@STRING{SIGMOD07 = {Proceedings of the ACM International Conference on Management of Data (SIGMOD), Beijing, China}}
@STRING{SIGMOD06 = {Proceedings of the ACM International Conference on Management of Data (SIGMOD), Chicago, IL}}
@STRING{SIGMOD05 = {Proceedings of the ACM International Conference on Management of Data (SIGMOD), Baltimore, ML}}
@STRING{SIGMOD04 = {Proceedings of the ACM International Conference on Management of Data (SIGMOD), Paris, France}}
@STRING{SIGMOD03 = {Proceedings of the ACM International Conference on Management of Data (SIGMOD), San Diego, CA}}
@STRING{SIGMOD02 = {Proceedings of the ACM International Conference on Management of Data (SIGMOD), Madison, WI}}
@STRING{SIGMOD01 = {Proceedings of the ACM International Conference on Management of Data (SIGMOD), Santa Barbara, CA}}
@STRING{SIGMOD00 = {Proceedings of the ACM International Conference on Management of Data (SIGMOD), Dallas, TX}}
@STRING{SIGMOD99 = {Proceedings of the ACM International Conference on Management of Data (SIGMOD), Philadelphia, PA}}
@STRING{SIGMOD98 = {Proceedings of the ACM International Conference on Management of Data (SIGMOD), Seattle, WA}}
@STRING{SIGMOD97 = {Proceedings of the ACM International Conference on Management of Data (SIGMOD), Tucson, AZ}}
@STRING{SIGMOD96 = {Proceedings of the ACM International Conference on Management of Data (SIGMOD), Montreal, Canada}}
@STRING{SIGMOD95 = {Proceedings of the ACM International Conference on Management of Data (SIGMOD), San Jose, CA}}
@STRING{SIGMOD94 = {Proceedings of the ACM International Conference on Management of Data (SIGMOD), Minneapolis, MN}}
@STRING{SIGMOD93 = {Proceedings of the ACM International Conference on Management of Data (SIGMOD), Washington, D.C.}}
@STRING{SIGMOD92 = {Proceedings of the ACM International Conference on Management of Data (SIGMOD), San Diego, CA}}
@STRING{SIGMOD91 = {Proceedings of the ACM International Conference on Management of Data (SIGMOD), Denver, CO}}
@STRING{SIGMOD90 = {Proceedings of the ACM International Conference on Management of Data (SIGMOD), Atlantic City, NJ}}
@STRING{SIGMOD89 = {Proceedings of the ACM International Conference on Management of Data (SIGMOD), Portland, OR}}
@STRING{SIGMOD88 = {Proceedings of the ACM International Conference on Management of Data (SIGMOD), Chicago, IL}}
@STRING{SIGMOD87 = {Proceedings of the ACM International Conference on Management of Data (SIGMOD), San Francisco, CA}}
@STRING{SIGMOD86 = {Proceedings of the ACM International Conference on Management of Data (SIGMOD), Washington, D.C.}}
@STRING{SIGMOD85 = {Proceedings of the ACM International Conference on Management of Data (SIGMOD), Austin, TX}}
@STRING{SIGMOD84 = {Proceedings of the ACM International Conference on Management of Data (SIGMOD), Boston, MA}}
@STRING{SIGMOD83 = {Proceedings of the ACM International Conference on Management of Data (SIGMOD), San Jose, CA}}
@STRING{SIGMOD82 = {Proceedings of the ACM International Conference on Management of Data (SIGMOD), Orlando, FL}}
@STRING{SIGMOD81 = {Proceedings of the ACM International Conference on Management of Data (SIGMOD), Ann Arbor, MI}}
@STRING{SIGMOD80 = {Proceedings of the ACM International Conference on Management of Data (SIGMOD), Santa Monica, CA}}
@STRING{SIGMOD79 = {Proceedings of the ACM International Conference on Management of Data (SIGMOD), Boston, MA}}
@STRING{SIGMOD78 = {Proceedings of the ACM International Conference on Management of Data (SIGMOD), Austin, TX}}
@STRING{SIGMOD77 = {Proceedings of the ACM International Conference on Management of Data (SIGMOD), Toronto, Canada}}
@STRING{SIGMOD76 = {Proceedings of the ACM International Conference on Management of Data (SIGMOD), Washington, D.C.}}
@STRING{SIGMOD75 = {Proceedings of the ACM International Conference on Management of Data (SIGMOD), San Jose, CA}}

% Signal Processing
@STRING{SignalProcessing = {Signal Processing}}

% SODA
@STRING{SODA93 = {Proceedings of the 4th Annual ACM/SIGACT-SIAM Symposium on Discrete Algorithms (SODA), Austin, TX}}

% SPIE
@STRING{SPIE01 = {Proceedings of the Storage and Retrieval for Media Databases (SPIE), San Jose, CA}}
@STRING{SPIE93 = {Proceedings of the Storage and Retrieval for Media Databases (SPIE), San Jose, CA}}

% SSD/SSTD
@STRING{SSTD09 = {Proceedings of the 11th International Symposium on Spatial and Temporal Databases (SSTD), Aalborg, Denmark}}
@STRING{SSTD07 = {Proceedings of the 10th International Symposium on Spatial and Temporal Databases (SSTD), Boston, MA}}
@STRING{SSTD05 = {Proceedings of the 9th International Symposium on Spatial and Temporal Databases (SSTD), Angra dos Reis, Brazil}}
@STRING{SSTD03 = {Proceedings of the 8th International Symposium on Spatial and Temporal Databases (SSTD), Santorini Island, Greece}}
@STRING{SSTD01 = {Proceedings of the 7th International Symposium on Spatial and Temporal Databases (SSTD), Redondo Beach, CA}}
@STRING{SSD99 = {Proceedings of the 6th International Symposium on Large Spatial Databases (SSD), Hong-Kong}}
@STRING{SSD97 = {Proceedings of the 5th International Symposium on Large Spatial Databases (SSD), Berlin, Germany}}
@STRING{SSD95 = {Proceedings of the 4th International Symposium on Large Spatial Databases (SSD), Portland, ME}}
@STRING{SSD93 = {Proceedings of the 3rd International Symposium on Large Spatial Databases (SSD), Singapore}}
@STRING{SSD91 = {Proceedings of the 2nd International Symposium on Large Spatial Databases (SSD), Zürich, Switzerland}}
@STRING{SSD89 = {Proceedings of the 1st International Symposium on Large Spatial Databases (SSD), Santa Barbara, CA}}

% SSTD
% siehe SSD

% SSDBM
@STRING{SSDBM10 = {Proceedings of the 22nd International Conference on Scientific and Statistical Database Management (SSDBM), Heidelberg, Germany}}
@STRING{SSDBM09 = {Proceedings of the 21st International Conference on Scientific and Statistical Database Management (SSDBM), New Orleans, LA}}
@STRING{SSDBM08 = {Proceedings of the 20th International Conference on Scientific and Statistical Database Management (SSDBM), Hong Kong, China}}
@STRING{SSDBM07 = {Proceedings of the 19th International Conference on Scientific and Statistical Database Management (SSDBM), Banff, Canada}}
@STRING{SSDBM06 = {Proceedings of the 18th International Conference on Scientific and Statistical Database Management (SSDBM), Vienna, Austria}}

% Theoretical Computer Science (TCS)
@STRING{TCS = {Theoretical Computer Science}}

% Trends in Biochemical Sciences
@STRING{TrendsBiochemSci = {Trends in Biochemical Sciences}}

% TrendsCellBiol
@String{TrendsCellBiol = {Trends in Cell Biology}}

% VLDB
@STRING{VLDB10 = {Proceedings of the 36nd International Conference on Very Large Data Bases (VLDB), Singapore}}
@STRING{VLDB09 = {Proceedings of the 35nd International Conference on Very Large Data Bases (VLDB), Lyon, France}}
@STRING{VLDB08 = {Proceedings of the 34nd International Conference on Very Large Data Bases (VLDB), Auckland, New Zealand}}
@STRING{VLDB07 = {Proceedings of the 33rd International Conference on Very Large Data Bases (VLDB), Vienna, Austria}}
@STRING{VLDB06 = {Proceedings of the 32nd International Conference on Very Large Data Bases (VLDB), Seoul, Korea}}
@STRING{VLDB05 = {Proceedings of the 31st International Conference on Very Large Data Bases (VLDB), Trondheim, Norway}}
@STRING{VLDB04 = {Proceedings of the 30th International Conference on Very Large Data Bases (VLDB), Toronto, Canada}}
@STRING{VLDB03 = {Proceedings of the 29th International Conference on Very Large Data Bases (VLDB), Berlin, Germany}}
@STRING{VLDB02 = {Proceedings of the 28th International Conference on Very Large Data Bases (VLDB), Hong Kong, China}}
@STRING{VLDB01 = {Proceedings of the 27th International Conference on Very Large Data Bases (VLDB), Roma, Italy}}
@STRING{VLDB00 = {Proceedings of the 26th International Conference on Very Large Data Bases (VLDB), Cairo, Egypt}}
@STRING{VLDB99 = {Proceedings of the 25th International Conference on Very Large Data Bases (VLDB), Edinburgh, Scotland}}
@STRING{VLDB98 = {Proceedings of the 24th International Conference on Very Large Data Bases (VLDB), New York City, NY}}
@STRING{VLDB97 = {Proceedings of the 23rd International Conference on Very Large Data Bases (VLDB), Athens, Greece}}
@STRING{VLDB96 = {Proceedings of the 22nd International Conference on Very Large Data Bases (VLDB), Bombay, India}}
@STRING{VLDB95 = {Proceedings of the 21st International Conference on Very Large Data Bases (VLDB), Zurich, Switzerland}}
@STRING{VLDB94 = {Proceedings of the 20th International Conference on Very Large Data Bases (VLDB), Santiago de Chile, Chile}}
@STRING{VLDB93 = {Proceedings of the 19th International Conference on Very Large Data Bases (VLDB), Dublin, Ireland}}
@STRING{VLDB92 = {Proceedings of the 18th International Conference on Very Large Data Bases (VLDB), Vancouver, BC}}
@STRING{VLDB91 = {Proceedings of the 17th International Conference on Very Large Data Bases (VLDB), Barcelona, Spain}}
@STRING{VLDB90 = {Proceedings of the 16th International Conference on Very Large Data Bases (VLDB), Brisbane, Australia}}
@STRING{VLDB89 = {Proceedings of the 15th International Conference on Very Large Data Bases (VLDB), Amsterdam, The Netherlands}}
@STRING{VLDB88 = {Proceedings of the 14th International Conference on Very Large Data Bases (VLDB), Los Angeles, CA}}
@STRING{VLDB87 = {Proceedings of the 13th International Conference on Very Large Data Bases (VLDB), Brighton, U.K.}}
@STRING{VLDB86 = {Proceedings of the 12th International Conference on Very Large Data Bases (VLDB), Kyoto, Japan}}
@STRING{VLDB85 = {Proceedings of the 11th International Conference on Very Large Data Bases (VLDB), Stockholm, Sweden}}
@STRING{VLDB84 = {Proceedings of the 10th International Conference on Very Large Data Bases (VLDB), Singapore}}
@STRING{VLDB83 = {Proceedings of the 9th International Conference on Very Large Data Bases (VLDB), Florence, Italy}}
@STRING{VLDB82 = {Proceedings of the 8th International Conference on Very Large Data Bases (VLDB), Mexico City, Mexico}}
@STRING{VLDB81 = {Proceedings of the 7th International Conference on Very Large Data Bases (VLDB), Cannes, France}}
@STRING{VLDB80 = {Proceedings of the 6th International Conference on Very Large Data Bases (VLDB), Montreal, Canada}}
@STRING{VLDB79 = {Proceedings of the 5th International Conference on Very Large Data Bases (VLDB), Rio de Janeiro, Brazil}}
@STRING{VLDB78 = {Proceedings of the 4th International Conference on Very Large Data Bases (VLDB), West Berlin, Germany}}
@STRING{VLDB77 = {Proceedings of the 3rd International Conference on Very Large Data Bases (VLDB), Tokyo, Japan}}
@STRING{VLDB76 = {Proceedings of the 2nd International Conference on Very Large Data Bases (VLDB), Brussels, Belgium}}
@STRING{VLDB75 = {Proceedings of the 1st International Conference on Very Large Data Bases (VLDB), Framingham, MA}}

% %%%%%%%%%%%%
% Workshops
% %%%%%%%%%%%%
@STRING{NeuralNetsWIRN = {Proceedings of the 13th Italian Workshop on Neural Nets, Vietri, Italy}}
@STRING{WorkshopICML00Attribute-Value = {Proceedings of the 7th International Conference on Machine Learning (ICML) Workshop on Attribute-Value and Relational Learning, Stanford, CA, USA}}
@STRING{WorkshopICML05Multiple-Views  = {Proceedings of the 22th International Conference on Machine Learning (ICML) Workshop on Learning with Multiple Views, Bonn, Germany}}
