% kurze Abkuerzungen (selbe Kuerzel wie in abbreviations.bib - jeder Eintrag muss in beiden Files eingetragen werden!)

% ACM Computing Surveys
@STRING{CSUR = {ACM CSUR}}

% ACM GIS
@STRING{ACMGIS10 = {Proc.\ ACM GIS}}
@STRING{ACMGIS09 = {Proc.\ ACM GIS}}
@STRING{ACMGIS08 = {Proc.\ ACM GIS}}
@STRING{ACMGIS07 = {Proc.\ ACM GIS}}
@STRING{ACMGIS06 = {Proc.\ ACM GIS}}
@STRING{ACMGIS05 = {Proc.\ ACM GIS}}
@STRING{ACMGIS04 = {Proc.\ ACM GIS}}
@STRING{ACMGIS03 = {Proc.\ ACM GIS}}
@STRING{ACMGIS02 = {Proc.\ ACM GIS}}
@STRING{ACMGIS01 = {Proc.\ ACM GIS}}
@STRING{ACMGIS00 = {Proc.\ ACM GIS}}
@STRING{ACMGIS99 = {Proc.\ ACM GIS}}
@STRING{ACMGIS98 = {Proc.\ ACM GIS}}
@STRING{ACMGIS97 = {Proc.\ ACM GIS}}
@STRING{ACMGIS96 = {Proc.\ ACM GIS}}
@STRING{ACMGIS95 = {Proc.\ ACM GIS}}
@STRING{ACMGIS94 = {Proc.\ ACM GIS}}
@STRING{ACMGIS93 = {Proc.\ ACM GIS}}

% ACM SAC
@STRING{ACMSAC10 = {Proc.\ ACM SAC}}
@STRING{ACMSAC09 = {Proc.\ ACM SAC}}
@STRING{ACMSAC08 = {Proc.\ ACM SAC}}
@STRING{ACMSAC07 = {Proc.\ ACM SAC}}
@STRING{ACMSAC06 = {Proc.\ ACM SAC}}
@STRING{ACMSAC05 = {Proc.\ ACM SAC}}
@STRING{ACMSAC04 = {Proc.\ ACM SAC}}
@STRING{ACMSAC03 = {Proc.\ ACM SAC}}
@STRING{ACMSAC02 = {Proc.\ ACM SAC}}
@STRING{ACMSAC01 = {Proc.\ ACM SAC}}
@STRING{ACMSAC00 = {Proc.\ ACM SAC}}
@STRING{ACMSAC99 = {Proc.\ ACM SAC}}
@STRING{ACMSAC98 = {Proc.\ ACM SAC}}
@STRING{ACMSAC97 = {Proc.\ ACM SAC}}
@STRING{ACMSAC96 = {Proc.\ ACM SAC}}
@STRING{ACMSAC95 = {Proc.\ ACM SAC}}
@STRING{ACMSAC94 = {Proc.\ ACM SAC}}
@STRING{ACMSAC93 = {Proc.\ ACM SAC}}

% ACM Transactions on Database Systems
@STRING{TODS = {ACM TODS}}

% ADC
@STRING{ADC98 = {Proc.\ ADC}}

% APBC
@STRING{APBC06 = {Proc.\ APBC}}

% Bioinformatics
@STRING{Bioinformatics = {Bioinformatics}}

% BMC Bioinformatics
@STRING{BMCBioinformatics = {BMC Bioinformatics}}

% BTW
@STRING{BTW09 = {Proc.\ BTW}}
@STRING{BTW07 = {Proc.\ BTW}}
@STRING{BTW05 = {Proc.\ BTW}}
@STRING{BTW03 = {Proc.\ BTW}}
@STRING{BTW01 = {Proc.\ BTW}}
@STRING{BTW99 = {Proc.\ BTW}}
@STRING{BTW97 = {Proc.\ BTW}}
@STRING{BTW95 = {Proc.\ BTW}}
@STRING{BTW93 = {Proc.\ BTW}}
@STRING{BTW91 = {Proc.\ BTW}}
@STRING{BTW89 = {Proc.\ BTW}}
@STRING{BTW87 = {Proc.\ BTW}}
@STRING{BTW85 = {Proc.\ BTW}}

% conference of the Centre for Advanced Studies on Collaborative research
@STRING{CASCON97={Proc.\ CASCON}}

% ChemBioInfoJ
@String{ChemBioInfoJ = {Chem-Bio Info.\ J.}}

% CIBCB
@STRING{CIBCB04 = {Proc.\ CIBCB}}

% CIKM
@STRING{CIKM12 = {Proc.\ CIKM}}
@STRING{CIKM10 = {Proc.\ CIKM}}
@STRING{CIKM09 = {Proc.\ CIKM}}
@STRING{CIKM08 = {Proc.\ CIKM}}
@STRING{CIKM07 = {Proc.\ CIKM}}
@STRING{CIKM06 = {Proc.\ CIKM}}
@STRING{CIKM05 = {Proc.\ CIKM}}
@STRING{CIKM04 = {Proc.\ CIKM}}
@STRING{CIKM03 = {Proc.\ CIKM}}
@STRING{CIKM02 = {Proc.\ CIKM}}
@STRING{CIKM01 = {Proc.\ CIKM}}
@STRING{CIKM00 = {Proc.\ CIKM}}
@STRING{CIKM99 = {Proc.\ CIKM}}
@STRING{CIKM98 = {Proc.\ CIKM}}
@STRING{CIKM97 = {Proc.\ CIKM}}
@STRING{CIKM96 = {Proc.\ CIKM}}
@STRING{CIKM95 = {Proc.\ CIKM}}
@STRING{CIKM94 = {Proc.\ CIKM}}
@STRING{CIKM93 = {Proc.\ CIKM}}
@STRING{CIKM92 = {Proc.\ CIKM}}

% COLT
@STRING{COLT98 = {Proc.\ COLT}}

% Communications of the ACM
@STRING{CommunicationsACM = {Commun.\ ACM}}

% Computational Statistics and Data Analysis
@STRING{CSDA = {Computational Statistics and Data Analysis}}

% Computer Vision, Graphics, and Image Processing
@STRING{ComputerVisionGraphicsAndImageProcessing = {Comput.\ Vision Graph.\ Image Process.}}

%CSB
@STRING{CSB03 = {Proc.\ CSB}}

% CurrGenet
@STRING{CurrGenet = {Curr.\ Genet.}}

% CurrProteinPeptSci
@STRING{CurrProteinPeptSci = {Curr.\ Protein Pept.\ Sci.}}

% DBA
@STRING{DBA04 = {Proc.\ DBA}}

% Data & Knowledge Engineering
@STRING{DKE = {Data Knowl.\ Eng.}}

% DMKD
@STRING{DMKD00 = {Proc.\ DMKD}}

% DASFAA
@STRING{DASFAA10 = {Proc.\ DASFAA}}
@STRING{DASFAA09 = {Proc.\ DASFAA}}
@STRING{DASFAA08 = {Proc.\ DASFAA}}
@STRING{DASFAA07 = {Proc.\ DASFAA}}
@STRING{DASFAA06 = {Proc.\ DASFAA}}
@STRING{DASFAA05 = {Proc.\ DASFAA}}
@STRING{DASFAA04 = {Proc.\ DASFAA}}
@STRING{DASFAA03 = {Proc.\ DASFAA}}
@STRING{DASFAA01 = {Proc.\ DASFAA}}
@STRING{DASFAA00 = {Proc.\ ADBIS-DASFAA}}
@STRING{DASFAA99 = {Proc.\ DASFAA}}
@STRING{DASFAA97 = {Proc.\ DASFAA}}
@STRING{DASFAA95 = {Proc.\ DASFAA}}
@STRING{DASFAA93 = {Proc.\ DASFAA}}
@STRING{DASFAA91 = {Proc.\ DASFAA}}
@STRING{DASFAA89 = {Proc.\ DASFAA}}

% ECML
@STRING{ECML94 = {Proc.\ ECML}}
@STRING{ECML03 = {Proc.\ ECML}}

% EDBT
@STRING{EDBT10 = {Proc.\ EDBT}}
@STRING{EDBT09 = {Proc.\ EDBT}}
@STRING{EDBT08 = {Proc.\ EDBT}}
@STRING{EDBT06 = {Proc.\ EDBT}}
@STRING{EDBT04 = {Proc.\ EDBT}}
@STRING{EDBT02 = {Proc.\ EDBT}}
@STRING{EDBT00 = {Proc.\ EDBT}}
@STRING{EDBT98 = {Proc.\ EDBT}}
@STRING{EDBT96 = {Proc.\ EDBT}}
@STRING{EDBT94 = {Proc.\ EDBT}}
@STRING{EDBT92 = {Proc.\ EDBT}}
@STRING{EDBT90 = {Proc.\ EDBT}}
@STRING{EDBT88 = {Proc.\ EDBT}}

% EMBOJ
@STRING{EMBOJ = {EMBO J.}}
% EMBORep
@STRING{EMBORep = {EMBO Rep.}}

% ESOA
@STRING{ESOA04 = {Proc.\ ESOA}}

% European Journal of Biochemistry
@STRING{EurJBiochem = {Eur.\ J.\ Biochem.}}

% FEBSLett
@STRING{FEBSLett = {FEBS Lett.}}

% Genetics and Molecular Biology
@STRING{GenetMolBiol = {Genet.\ Mol.\ Biol.}}

% GenesDev
@STRING{GenesDev = {Genes Dev.}}

% GenomeRes
@STRING{GenomeRes = {Genome Res.}}

% Genomics, Proteomics, and Bioinformatics
@STRING{GenoProtBioinfo = {Geno.\ Prot.\ Bioinfo.}}

%IBM Systems Journal
@STRING{IBMSystJ = {IBM Syst.\ J.}}

% ICDE
@STRING{ICDE13 = {Proc.\ ICDE}}
@STRING{ICDE12 = {Proc.\ ICDE}}
@STRING{ICDE11 = {Proc.\ ICDE}}
@STRING{ICDE10 = {Proc.\ ICDE}}
@STRING{ICDE09 = {Proc.\ ICDE}}
@STRING{ICDE08 = {Proc.\ ICDE}}
@STRING{ICDE07 = {Proc.\ ICDE}}
@STRING{ICDE06 = {Proc.\ ICDE}}
@STRING{ICDE05 = {Proc.\ ICDE}}
@STRING{ICDE04 = {Proc.\ ICDE}}
@STRING{ICDE03 = {Proc.\ ICDE}}
@STRING{ICDE02 = {Proc.\ ICDE}}
@STRING{ICDE01 = {Proc.\ ICDE}}
@STRING{ICDE00 = {Proc.\ ICDE}}
@STRING{ICDE99 = {Proc.\ ICDE}}
@STRING{ICDE98 = {Proc.\ ICDE}}
@STRING{ICDE97 = {Proc.\ ICDE}}
@STRING{ICDE96 = {Proc.\ ICDE}}
@STRING{ICDE95 = {Proc.\ ICDE}}
@STRING{ICDE94 = {Proc.\ ICDE}}
@STRING{ICDE93 = {Proc.\ ICDE}}
@STRING{ICDE92 = {Proc.\ ICDE}}
@STRING{ICDE91 = {Proc.\ ICDE}}
@STRING{ICDE90 = {Proc.\ ICDE}}
@STRING{ICDE89 = {Proc.\ ICDE}}
@STRING{ICDE88 = {Proc.\ ICDE}}
@STRING{ICDE87 = {Proc.\ ICDE}}
@STRING{ICDE86 = {Proc.\ ICDE}}
@STRING{ICDE85 = {Proc.\ ICDE}}

% ICDM
@STRING{ICDM10 = {Proc.\ ICDM}}
@STRING{ICDM09 = {Proc.\ ICDM}}
@STRING{ICDM08 = {Proc.\ ICDM}}
@STRING{ICDM07 = {Proc.\ ICDM}}
@STRING{ICDM06 = {Proc.\ ICDM}}
@STRING{ICDM05 = {Proc.\ ICDM}}
@STRING{ICDM04 = {Proc.\ ICDM}}
@STRING{ICDM03 = {Proc.\ ICDM}}
@STRING{ICDM02 = {Proc.\ ICDM}}
@STRING{ICDM01 = {Proc.\ ICDM}}

% ICDT
@STRING{ICDT99 = {Proc.\ ICDT}}
@STRING{ICDT01 = {Proc.\ ICDT}}

% ICIP
@STRING{ICIP03 = {Proc.\ ICIP}}
@STRING{ICIP97 = {Proc.\ ICIP}}

% ICME
@STRING{ICME04 = {Proc.\ ICME}}

% ICML
@STRING{ICML05 = {Proc.\ ICML}}
@STRING{ICML02 = {Proc.\ ICML}}
@STRING{ICML01 = {Proc.\ ICML}}
@STRING{ICML00 = {Proc.\ ICML}}

% ICPR
@STRING{ICPR02 = {Proc.\ ICPR}}
@STRING{ICPR00 = {Proc.\ ICPR}}

% IEEE Transactions (in alphabetic order)
@STRING{IEEETASSP = {IEEETASSP}}
@STRING{IEEETCBB = {IEEE TCBB}}
@STRING{TKDD = {IEEE TKDD}}
@STRING{IEEETKDD = {IEEE TKDD}}
@STRING{TKDE = {IEEE TKDE}}
@STRING{IEEETKDE = {IEEE TKDE}}
@STRING{IEEETPAMI = {IEEE TPAMI}}
@STRING{TPAMI = {IEEE TPAMI}}
@STRING{IEEETPAMI = {IEEE TPAMI}}
@STRING{TSAP = {IEEE TSAP}}
@STRING{IEEETSAP = {IEEE TSAP}}
@STRING{TSMC = {IEEE TSMC}}
@STRING{IEEETSMC = {IEEE TSMC}}

% Information Software and Technology
@STRING{InfSof = {Information and Software Technology}}

% In Silico Biology
@STRING{InSilicoBiology = {In Silico Biol.}}

% International Journal of Business Intelligence and Data Mining
@STRING{BusinessIntelligenceDataMining = {Int. J. Business Intelligence and Data Mining}}

% ISMB
@STRING{ISMB10 = {Proc.\ ISMB}}
@STRING{ISMB09 = {Proc.\ ISMB}}
@STRING{ISMB08 = {Proc.\ ISMB}}
@STRING{ISMB07 = {Proc.\ ISMB}}
@STRING{ISMB06 = {Proc.\ ISMB}}
@STRING{ISMB05 = {Proc.\ ISMB}}
@STRING{ISMB04 = {Proc.\ ISMB}}
@STRING{ISMB03 = {Proc.\ ISMB}}
@STRING{ISMB02 = {Proc.\ ISMB}}
@STRING{ISMB01 = {Proc.\ ISMB}}
@STRING{ISMB00 = {Proc.\ ISMB}}

% Journal of Biological Chemistry
@STRING{JBC = {J.\ Biol.\ Chem.}}

% JBioenergBiomembr
@STRING{JBioenergBiomembr = {J.\ Bioenerg.\ Biomembr.}}

% Journal of Computational Biology
@STRING{JCOBEM = {J.\ Comput.\ Biol.}}
@STRING{JComputBiol = {J.\ Comput.\ Biol.}}

% Journal of Cybernetics
@STRING{JCybernet = {J. Cybernet.}}

% Journal of Intelligent Information Systems
@STRING{JIIS = {JIIS}}

% JMachLearnRes
@STRING{JMachLearnRes = {J.\ Mach.\ Learn.\ Res.}}

% Journal of Microscopy and Analysis
@STRING{JMA = {J.\ Mic.\ Anal.}}

% Journal of Molecular Biology
@STRING{JMolBiol = {J.\ Mol.\ Biol.}}

% Journal of the American Statistical Association
@STRING{JASA = {JASA}}

% Journal of the Royal Statistical Society: Series B (Statistical Methodology)
@STRING{JRStatistSocB = {J.\ R.\ Statist.\ Soc.\ B}}

% KAIS
@STRING{KAIS = {KAIS}}

% KDD
@STRING{KDD11 = {Proc.\ KDD}}
@STRING{KDD10 = {Proc.\ KDD}}
@STRING{KDD09 = {Proc.\ KDD}}
@STRING{KDD08 = {Proc.\ KDD}}
@STRING{KDD07 = {Proc.\ KDD}}
@STRING{KDD06 = {Proc.\ KDD}}
@STRING{KDD05 = {Proc.\ KDD}}
@STRING{KDD04 = {Proc.\ KDD}}
@STRING{KDD03 = {Proc.\ KDD}}
@STRING{KDD02 = {Proc.\ KDD}}
@STRING{KDD01 = {Proc.\ KDD}}
@STRING{KDD00 = {Proc.\ KDD}}
@STRING{KDD99 = {Proc.\ KDD}}
@STRING{KDD98 = {Proc.\ KDD}}
@STRING{KDD97 = {Proc.\ KDD}}
@STRING{KDD96 = {Proc.\ KDD}}
@STRING{KDD95 = {Proc.\ KDD}}

% MachineLearning
@STRING{MachineLearning = {Mach.\ Learn.}}

% MCS
@STRING{MCS00 = {Proc.\ MCS}}

% MedPhys
@STRING{MedPhys = {Med.\ Phys.}}

% ML
@STRING{ML92 = {Proc.\ ML}}

% MDM
@STRING{MDM12 = {Proc.\ MDM}}
@STRING{MDM10 = {Proc.\ MDM}}
@STRING{MDM09 = {Proc.\ MDM}}
@STRING{MDM04 = {Proc.\ MDM}}

% MMM
@STRING{MMM98 = {Proc.\ MMM}}
@STRING{MMM06 = {Proc.\ MMM}}

% Molecular Biology of the Cell
@STRING{MolBiolCell = {Mol.\ Biol.\ Cell}}

% MolMembrBiol
@STRING{MolMembrBiol = {Mol.\ Membr.\ Biol.}}

% Nature Genetics
@STRING{NatGenet = {Nat.\ Genet.}}

% Nucleic Acids Research
@STRING{NucleicAcidsResearch = {Nucleic Acids Res.}}

% NIPS
@STRING{NIPS = {NIPS}}

% PAKDD
@STRING{PAKDD10 = {Proc.\ PAKDD}}
@STRING{PAKDD09 = {Proc.\ PAKDD}}
@STRING{PAKDD08 = {Proc.\ PAKDD}}
@STRING{PAKDD07 = {Proc.\ PAKDD}}
@STRING{PAKDD06 = {Proc.\ PAKDD}}
@STRING{PAKDD05 = {Proc.\ PAKDD}}
@STRING{PAKDD04 = {Proc.\ PAKDD}}
@STRING{PAKDD03 = {Proc.\ PAKDD}}
@STRING{PAKDD02 = {Proc.\ PAKDD}}


% PKDD
@STRING{PKDD10 = {Proc.\ PKDD}}
@STRING{PKDD09 = {Proc.\ PKDD}}
@STRING{PKDD08 = {Proc.\ PKDD}}
@STRING{PKDD07 = {Proc.\ PKDD}}
@STRING{PKDD06 = {Proc.\ PKDD}}
@STRING{PKDD05 = {Proc.\ PKDD}}
@STRING{PKDD04 = {Proc.\ PKDD}}
@STRING{PKDD03 = {Proc.\ PKDD}}
@STRING{PKDD02 = {Proc.\ PKDD}}
@STRING{PKDD01 = {Proc.\ PKDD}}
@STRING{PKDD00 = {Proc.\ PKDD}}
@STRING{PKDD99 = {Proc.\ PKDD}}
@STRING{PKDD98 = {Proc.\ PKDD}}
@STRING{PKDD97 = {Proc.\ PKDD}}

% QDB/MUD
@STRING{QDB/MUD08 = {Proc.\ QDB/MUD}}

% PNAS
@STRING{PNAS = {PNAS}}

% ProteinEng
@STRING{ProteinEng = {Protein Eng.}}

% Proteins: Structure, Function, and Genetics
@STRING{Proteins = {Proteins}}

% Protein Science
@STRING{ProteinSci = {Protein Sci.}}

% PSB
@STRING{PSB98 = {Proc.\ PSB}}
@STRING{PSB02 = {Proc.\ PSB}}
@STRING{PSB03 = {Proc.\ PSB}}

% RECOMB
@STRING{RECOMB04 = {Proc.\ RECOMB}}
@STRING{RECOMB03 = {Proc.\ RECOMB}}
@STRING{RECOMB02 = {Proc.\ RECOMB}}
@STRING{RECOMB01 = {Proc.\ RECOMB}}
@STRING{RECOMB00 = {Proc.\ RECOMB}}
@STRING{RECOMB99 = {Proc.\ RECOMB}}
@STRING{RECOMB98 = {Proc.\ RECOMB}}
@STRING{RECOMB97 = {Proc.\ RECOMB}}

% SIAM / SDM
@STRING{SIAM10 = {Proc.\ SDM}}
@STRING{SDM10 = {Proc.\ SDM}}
@STRING{SIAM09 = {Proc.\ SDM}}
@STRING{SDM09 = {Proc.\ SDM}}
@STRING{SIAM08 = {Proc.\ SDM}}
@STRING{SDM08 = {Proc.\ SDM}}
@STRING{SIAM07 = {Proc.\ SDM}}
@STRING{SDM07 = {Proc.\ SDM}}
@STRING{SIAM06 = {Proc.\ SDM}}
@STRING{SDM06 = {Proc.\ SDM}}
@STRING{SIAM05 = {Proc.\ SDM}}
@STRING{SDM05 = {Proc.\ SDM}}
@STRING{SIAM04 = {Proc.\ SDM}}
@STRING{SDM04 = {Proc.\ SDM}}
@STRING{SIAM03 = {Proc.\ SDM}}
@STRING{SDM03 = {Proc.\ SDM}}
@STRING{SIAM02 = {Proc.\ SDM}}
@STRING{SDM02 = {Proc.\ SDM}}
@STRING{SIAM01 = {Proc.\ SDM}}
@STRING{SDM01 = {Proc.\ SDM}}

% SIAM Journal on Numerical Analysis
@STRING{SJAN = {SIAM J. Num. Anal.}}

% SIGIR
@STRING {SIGIR03 = {Proc.\ SIGIR}}
@STRING {SIGIR99 = {Proc.\ SIGIR}}

% SIGMOD
@STRING{SIGMOD10 = {Proc.\ SIGMOD}}
@STRING{SIGMOD09 = {Proc.\ SIGMOD}}
@STRING{SIGMOD08 = {Proc.\ SIGMOD}}
@STRING{SIGMOD07 = {Proc.\ SIGMOD}}
@STRING{SIGMOD06 = {Proc.\ SIGMOD}}
@STRING{SIGMOD05 = {Proc.\ SIGMOD}}
@STRING{SIGMOD04 = {Proc.\ SIGMOD}}
@STRING{SIGMOD03 = {Proc.\ SIGMOD}}
@STRING{SIGMOD02 = {Proc.\ SIGMOD}}
@STRING{SIGMOD01 = {Proc.\ SIGMOD}}
@STRING{SIGMOD00 = {Proc.\ SIGMOD}}
@STRING{SIGMOD99 = {Proc.\ SIGMOD}}
@STRING{SIGMOD98 = {Proc.\ SIGMOD}}
@STRING{SIGMOD97 = {Proc.\ SIGMOD}}
@STRING{SIGMOD96 = {Proc.\ SIGMOD}}
@STRING{SIGMOD95 = {Proc.\ SIGMOD}}
@STRING{SIGMOD94 = {Proc.\ SIGMOD}}
@STRING{SIGMOD93 = {Proc.\ SIGMOD}}
@STRING{SIGMOD92 = {Proc.\ SIGMOD}}
@STRING{SIGMOD91 = {Proc.\ SIGMOD}}
@STRING{SIGMOD90 = {Proc.\ SIGMOD}}
@STRING{SIGMOD89 = {Proc.\ SIGMOD}}
@STRING{SIGMOD88 = {Proc.\ SIGMOD}}
@STRING{SIGMOD87 = {Proc.\ SIGMOD}}
@STRING{SIGMOD86 = {Proc.\ SIGMOD}}
@STRING{SIGMOD85 = {Proc.\ SIGMOD}}
@STRING{SIGMOD84 = {Proc.\ SIGMOD}}
@STRING{SIGMOD83 = {Proc.\ SIGMOD}}
@STRING{SIGMOD82 = {Proc.\ SIGMOD}}
@STRING{SIGMOD81 = {Proc.\ SIGMOD}}
@STRING{SIGMOD80 = {Proc.\ SIGMOD}}
@STRING{SIGMOD79 = {Proc.\ SIGMOD}}
@STRING{SIGMOD78 = {Proc.\ SIGMOD}}
@STRING{SIGMOD77 = {Proc.\ SIGMOD}}
@STRING{SIGMOD76 = {Proc.\ SIGMOD}}
@STRING{SIGMOD75 = {Proc.\ SIGMOD}}

% Signal Processing
@STRING{SignalProcessing = {Signal Process.}}

% SODA
@STRING{SODA93 = {Proc.\ SODA}}

% SPIE
@STRING{SPIE01 = {Proc.\ SPIE}}
@STRING{SPIE93 = {Proc.\ SPIE}}

% SSD/SSTD
@STRING{SSTD09 = {Proc.\ SSTD}}
@STRING{SSTD07 = {Proc.\ SSTD}}
@STRING{SSTD05 = {Proc.\ SSTD}}
@STRING{SSTD03 = {Proc.\ SSTD}}
@STRING{SSTD01 = {Proc.\ SSTD}}
@STRING{SSD99 = {Proc.\ SSD}}
@STRING{SSD97 = {Proc.\ SSD}}
@STRING{SSD95 = {Proc.\ SSD}}
@STRING{SSD93 = {Proc.\ SSD}}
@STRING{SSD91 = {Proc.\ SSD}}
@STRING{SSD89 = {Proc.\ SSD}}

% SSDBM
@STRING{SSDBM10 = {Proc.\ SSDBM}}
@STRING{SSDBM09 = {Proc.\ SSDBM}}
@STRING{SSDBM08 = {Proc.\ SSDBM}}
@STRING{SSDBM07 = {Proc.\ SSDBM}}
@STRING{SSDBM06 = {Proc.\ SSDBM}}

% SSTD
% siehe SSD

% Theoretical Computer Science (TCS)
@STRING{TCS = {TCS}}

% Trends in Biochemical sciences
@STRING{TrendsBiochemSci = {Trends Biochem.\ Sci.}}

% TrendsCellBiol
@String{TrendsCellBiol = {Trends Cell Biol.}}

% VLDB
@STRING{VLDB10 = {Proc.\ VLDB}}
@STRING{VLDB09 = {Proc.\ VLDB}}
@STRING{VLDB08 = {Proc.\ VLDB}}
@STRING{VLDB07 = {Proc.\ VLDB}}
@STRING{VLDB06 = {Proc.\ VLDB}}
@STRING{VLDB05 = {Proc.\ VLDB}}
@STRING{VLDB04 = {Proc.\ VLDB}}
@STRING{VLDB03 = {Proc.\ VLDB}}
@STRING{VLDB02 = {Proc.\ VLDB}}
@STRING{VLDB01 = {Proc.\ VLDB}}
@STRING{VLDB00 = {Proc.\ VLDB}}
@STRING{VLDB99 = {Proc.\ VLDB}}
@STRING{VLDB98 = {Proc.\ VLDB}}
@STRING{VLDB97 = {Proc.\ VLDB}}
@STRING{VLDB96 = {Proc.\ VLDB}}
@STRING{VLDB95 = {Proc.\ VLDB}}
@STRING{VLDB94 = {Proc.\ VLDB}}
@STRING{VLDB93 = {Proc.\ VLDB}}
@STRING{VLDB92 = {Proc.\ VLDB}}
@STRING{VLDB91 = {Proc.\ VLDB}}
@STRING{VLDB90 = {Proc.\ VLDB}}
@STRING{VLDB89 = {Proc.\ VLDB}}
@STRING{VLDB88 = {Proc.\ VLDB}}
@STRING{VLDB87 = {Proc.\ VLDB}}
@STRING{VLDB86 = {Proc.\ VLDB}}
@STRING{VLDB85 = {Proc.\ VLDB}}
@STRING{VLDB84 = {Proc.\ VLDB}}
@STRING{VLDB83 = {Proc.\ VLDB}}
@STRING{VLDB82 = {Proc.\ VLDB}}
@STRING{VLDB81 = {Proc.\ VLDB}}
@STRING{VLDB80 = {Proc.\ VLDB}}
@STRING{VLDB79 = {Proc.\ VLDB}}
@STRING{VLDB78 = {Proc.\ VLDB}}
@STRING{VLDB77 = {Proc.\ VLDB}}
@STRING{VLDB76 = {Proc.\ VLDB}}
@STRING{VLDB75 = {Proc.\ VLDB}}

% %%%%%%%%%%%%
% Workshops
% %%%%%%%%%%%%
@STRING{NeuralNetsWIRN = {Proc.\ Neural Nets WIRN}}
@STRING{WorkshopICML00Attribute-Value = {Proc.\ ICML Workshop on Attribute-Value and Relational Learning}}
@STRING{WorkshopICML05Multiple-Views  = {Proc.\ ICML Workshop on Learning with Multiple Views}}
