@INPROCEEDINGS{Agrawal06,
author = {Parag Agrawal and Omar Benjelloun and Anish Das Sarma and Chris Hayworth and Shubha Nabar and Tomoe Sugihara and Jennifer Widom},
title = {Trio: A system for data, uncertainty, and lineage},
booktitle = {in VLDB},
year = {2006},
pages = {1151--1154}
}

@inproceedings{Antova08,
 author = {Antova, Lyublena and Jansen, Thomas and Koch, Christoph and Olteanu, Dan},
 title = {Fast and Simple Relational Processing of Uncertain Data},
 booktitle = {Proceedings of the 2008 IEEE 24th International Conference on Data Engineering},
 series = {ICDE '08},
 year = {2008},
 isbn = {978-1-4244-1836-7},
 pages = {983--992},
 numpages = {10},
 acmid = {1547223},
 publisher = {IEEE Computer Society},
 address = {Washington, DC, USA}
}

@incollection{Batz10,
year={2010},
isbn={978-3-642-13192-9},
booktitle={Experimental Algorithms},
volume={6049},
series={Lecture Notes in Computer Science},
editor={Festa, Paola},
title={Time-Dependent Contraction Hierarchies and Approximation},
publisher={Springer Berlin Heidelberg},
author={Batz, GernotVeit and Geisberger, Robert and Neubauer, Sabine and Sanders, Peter},
pages={166-177},
language={English}
}

@ARTICLE{Bi-Yu13, 
author={Chen Bi-Yu and Lam, W.H.K. and Qingquan Li and Sumalee, A. and Ke Yan}, 
journal={Intelligent Transportation Systems, IEEE Transactions on}, 
title={Shortest Path Finding Problem in Stochastic Time-Dependent Road Networks With Stochastic First-In-First-Out Property}, 
year={2013}, 
month={Dec}, 
volume={14}, 
number={4}, 
pages={1907-1917}, 
ISSN={1524-9050}
}

@article{Bickel07,
 author = {Bickel, J. Eric},
 title = {Some Comparisons Among Quadratic, Spherical, and Logarithmic Scoring Rules},
 journal = {Decision Analysis},
 issue_date = {June 2007},
 volume = {4},
 number = {2},
 month = jun,
 year = {2007},
 issn = {1545-8490},
 pages = {49--65},
 numpages = {17},
 acmid = {1526541},
 publisher = {INFORMS},
 address = {Institute for Operations Research and the Management Sciences (INFORMS), Linthicum, Maryland, USA}
}

@article{Brier50,
author = {Brier, Glenn W.},
day = {1},
journal = {Monthly Weather Review},
month = jan,
number = {1},
pages = {1--3},
publisher = {American Meteorological Society},
title = {{Verification of Forecasts expressed in terms of probability}},
volume = {78},
year = {1950}
}

@INPROCEEDINGS{Chau06,
author = {Michael Chau and Reynold Cheng and Ben Kao and Jackey Ng},
title = {Uncertain data mining: An example in clustering location data},
booktitle = {In Proceedings of the 10th Pacific-Asia Conference on Knowledge Discovery and Data Mining (PAKDD 2006), volume 3918 of Lecture Notes in Computer Science},
year = {2006},
pages = {199--204},
publisher = {Springer}
}

@INPROCEEDINGS{Cheng04,
author = {Reynold Cheng and Yuni Xia and Sunil Prabhakar and Rahul Shah and Jeffrey Scott Vitter},
title = {Efficient Indexing Methods for Probabilistic Threshold Queries over Uncertain Data},
booktitle = {Proc. 30th Int’l Conf. Very Large Data Bases (VLDB},
year = {2004}
}

@incollection{Chui07,
year={2007},
isbn={978-3-540-71700-3},
booktitle={Advances in Knowledge Discovery and Data Mining},
volume={4426},
series={Lecture Notes in Computer Science},
editor={Zhou, Zhi-Hua and Li, Hang and Yang, Qiang},
title={Mining Frequent Itemsets from Uncertain Data},
publisher={Springer Berlin Heidelberg},
author={Chui, Chun-Kit and Kao, Ben and Hung, Edward},
pages={47-58},
language={English}
}

@article{Cooke66,
title = {The shortest route through a network with time-dependent internodal transit times },
journal = {Journal of Mathematical Analysis and Applications},
volume = {14},
number = {3},
pages = {493 - 498},
year = {1966},
author = {Kenneth L Cooke and Eric Halsey}
}

@incollection{Dai05,
year={2005},
isbn={978-3-540-28127-6},
booktitle={Advances in Spatial and Temporal Databases},
volume={3633},
series={Lecture Notes in Computer Science},
editor={Bauzer Medeiros, Claudia and Egenhofer, MaxJ. and Bertino, Elisa},
title={Probabilistic Spatial Queries on Existentially Uncertain Data},
publisher={Springer Berlin Heidelberg},
author={Dai, Xiangyuan and Yiu, ManLung and Mamoulis, Nikos and Tao, Yufei and Vaitis, Michail},
pages={400-417},
language={English}
}

@incollection{Delling08,
year={2008},
isbn={978-3-540-87743-1},
booktitle={Algorithms - ESA 2008},
volume={5193},
series={Lecture Notes in Computer Science},
editor={Halperin, Dan and Mehlhorn, Kurt},
title={Time-Dependent SHARC-Routing},
publisher={Springer Berlin Heidelberg},
author={Delling, Daniel},
pages={332-343},
language={English}
}

@incollection{Demiryurek11,
year={2011},
isbn={978-3-642-22921-3},
booktitle={Advances in Spatial and Temporal Databases},
volume={6849},
series={Lecture Notes in Computer Science},
editor={Pfoser, Dieter and Tao, Yufei and Mouratidis, Kyriakos and Nascimento, MarioA. and Mokbel, Mohamed and Shekhar, Shashi and Huang, Yan},
title={Online Computation of Fastest Path in Time-Dependent Spatial Networks},
publisher={Springer Berlin Heidelberg},
author={Demiryurek, Ugur and Banaei-Kashani, Farnoush and Shahabi, Cyrus and Ranganathan, Anand},
pages={92-111},
language={English}
}

@INPROCEEDINGS{Dong12, 
author={Wei Dong and Minyi Li and Quoc Bao Vo and Vu, H.L.}, 
booktitle={Intelligent Transportation Systems (ITSC), 2012 15th International IEEE Conference on}, 
title={Reliability in stochastic time-dependent traffic networks with correlated link travel times}, 
year={2012}, 
month={Sept}, 
pages={1626-1631}
}

@article{Dreyfus69,
author = {Stuart E. Dreyfus},
title = {An Appraisal of Some Shortest-Path Algorithms},
journal = {Operations Research},
volume = {17},
number = {3},
pages = {395-412},
year = {1969}
}

@INPROCEEDINGS{Emrich12, 
author={Emrich, T. and Kriegel, H.-P. and Nikos Mamoulis and Renz, M. and Züfle, A.}, 
booktitle={Data Engineering (ICDE), 2012 IEEE 28th International Conference on}, 
title={Querying Uncertain Spatio-Temporal Data}, 
year={2012}, 
month={April}, 
pages={354-365}
}

@article{Fan05,
title = {Shortest paths in stochastic networks with correlated link costs },
journal = {Computers and Mathematics with Applications },
volume = {49},
number = {9-10},
pages = {1549 - 1564},
year = {2005},
issn = {0898-1221},
author = {Y.Y. Fan and R.E. Kalaba and J.E. Moore II}
}

@article{Frank69,
author = {H. Frank},
title = {Shortest Paths in Probabilistic Graphs},
journal = {Operations Research},
volume = {17},
number = {4},
pages = {583-599},
year = {1969}
}

@TECHREPORT{Gneiting04,
author = {Tilmann Gneiting and Adrian E. Raftery},
title = {Strictly Proper Scoring Rules, Prediction, and Estimation},
institution = {Journal of the American Statistical Association},
year = {2004}
}

@inproceedings{Goldberg05,
 author = {Goldberg, Andrew V. and Harrelson, Chris},
 title = {Computing the Shortest Path: A Search Meets Graph Theory},
 booktitle = {Proceedings of the Sixteenth Annual ACM-SIAM Symposium on Discrete Algorithms},
 series = {SODA '05},
 year = {2005},
 location = {Vancouver, British Columbia},
 pages = {156--165},
 numpages = {10},
 acmid = {1070455},
 publisher = {Society for Industrial and Applied Mathematics},
 address = {Philadelphia, PA, USA}
}

@article{Halpern77,
year={1977},
issn={0340-9422},
journal={Zeitschrift fur Operations Research},
volume={21},
number={3},
title={Shortest route with time dependent length of edges and limited delay possibilities in nodes},
publisher={Physica-Verlag},
author={Halpern, J.},
pages={117-124},
language={English}
}

@article{Hersbach00,
author = {Hersbach, Hans},
day = {1},
journal = {Weather and Forecasting},
month = oct,
number = {5},
pages = {559--570},
publisher = {American Meteorological Society},
title = {Decomposition of the Continuous Ranked Probability Score for Ensemble Prediction Systems},
volume = {15},
year = {2000}
}

@inproceedings{Hua10,
author = {Hua, Ming and Pei, Jian},
title = {Probabilistic Path Queries in Road Networks: Traffic Uncertainty Aware Path Selection},
booktitle = {Proceedings of the 13th International Conference on Extending Database Technology},
series = {EDBT '10},
year = {2010},
location = {Lausanne, Switzerland},
pages = {347--358},
numpages = {12},
acmid = {1739084},
publisher = {ACM},
address = {New York, NY, USA}
}

@article{Jagadish14,
author = {Jagadish, H. V. and Gehrke, Johannes and Labrinidis, Alexandros and Papakonstantinou, Yannis and Patel, Jignesh M. and Ramakrishnan, Raghu and Shahabi, Cyrus},
title = {Big Data and Its Technical Challenges},
journal = {Commun. ACM},
volume = {57},
number = {7},
month = jul,
year = {2014},
pages = {86--94},
numpages = {9}
}

@inproceedings{Jampani08,
author = {Jampani, Ravi and Xu, Fei and Wu, Mingxi and Perez, Luis Leopoldo and Jermaine, Christopher and Haas, Peter J.},
title = {MCDB: A Monte Carlo Approach to Managing Uncertain Data},
booktitle = {Proceedings of the 2008 ACM SIGMOD International Conference on Management of Data},
series = {SIGMOD '08},
year = {2008},
isbn = {978-1-60558-102-6},
location = {Vancouver, Canada},
pages = {687--700},
numpages = {14},
publisher = {ACM},
address = {New York, NY, USA}
}

@article{Li11,
author = {Li, Jian and Saha, Barna and Deshpande, Amol},
title = {A Unified Approach to Ranking in Probabilistic Databases},
journal = {The VLDB Journal},
issue_date = {April     2011},
volume = {20},
number = {2},
month = apr,
year = {2011},
issn = {1066-8888},
pages = {249--275},
numpages = {27},
publisher = {Springer-Verlag New York, Inc.}
}

@article{Miller-Hooks00,
author = {Elise D. Miller-Hooks and Hani S. Mahmassani},
title = {Least Expected Time Paths in Stochastic, Time-Varying Transportation Networks},
journal = {Transportation Science},
volume = {34},
number = {2},
month = may,
year = {2000},
issn = {1526-5447},
pages = {198--215},
numpages = {18},
publisher = {INFORMS},
}

@article{Miller-Hooks98,
title = {Least possible time paths in stochastic,time-varying networks },
journal = {Computers and Operations Research },
volume = {25},
number = {12},
pages = {1107 - 1125},
year = {1998},
author = {Elise D. Miller-Hooks and Hani S. Mahmassani}
}

@incollection{Nannicini08,
year={2008},
isbn={978-3-540-68548-7},
booktitle={Experimental Algorithms},
volume={5038},
series={Lecture Notes in Computer Science},
editor={McGeoch, CatherineC.},
title={Bidirectional A* Search for Time-Dependent Fast Paths},
publisher={Springer Berlin Heidelberg},
author={Nannicini, Giacomo and Delling, Daniel and Liberti, Leo and Schultes, Dominik},
pages={334-346},
language={English}
}

@article{Nie06,
author = {Yu (Marco) Nie and Xing Wu},
title = {Arriving-on-Time Problem: Discrete Algorithm That Ensures Convergence},
journal = {Transportation Research Record: Journal of the Transportation Research Board},
volume = {1964},
number = {},
pages = {193-200},
year = {2006}
}

@incollection{Nie09a,
author = {Yu (Marco) Nie and Xing Wu},
booktitle={Transportation and Traffic Theory 2009: Golden Jubilee},
title={Reliable a Priori Shortest Path Problem with Limited Spatial and Temporal Dependencies},
editor={Lam, William H. K. and Wong, S. C. and Lo, Hong K.},
publisher={Springer US},
pages={169-195},
year={2009}
}

@article{Nie09b,
title = {Shortest path problem considering on-time arrival probability },
journal = {Transportation Research Part B: Methodological },
volume = {43},
number = {6},
pages = {597 - 613},
year = {2009},
author = {Yu (Marco) Nie and Xing Wu}
}

@article{Nie12,
title = {Reliable route guidance: A case study from Chicago },
journal = {Transportation Research Part A: Policy and Practice },
volume = {46},
number = {2},
pages = {403 - 419},
year = {2012},
author = {Yu (Marco) Nie and Xing Wu and John F. Dillenburg and Peter C. Nelson}
}

@article{Niedermayer13,
author = {Niedermayer, Johannes and Z\"{u}fle, Andreas and Emrich, Tobias and Renz, Matthias and Mamoulis, Nikos and Chen, Lei and Kriegel, Hans-Peter},
title = {Probabilistic Nearest Neighbor Queries on Uncertain Moving Object Trajectories},
journal = {Proc. VLDB Endow.},
issue_date = {November 2013},
volume = {7},
number = {3},
month = nov,
year = {2013},
pages = {205--216},
numpages = {12},
publisher = {VLDB Endowment}
}

@inproceedings{Pan12,
author = {Pan, Bei and Demiryurek, Ugur and Shahabi, Cyrus},
title = {Utilizing Real-World Transportation Data for Accurate Traffic Prediction},
booktitle = {Proceedings of the 2012 IEEE 12th International Conference on Data Mining},
series = {ICDM '12},
year = {2012},
isbn = {978-0-7695-4905-7},
pages = {595--604},
numpages = {10},
publisher = {IEEE Computer Society},
address = {Washington, DC, USA}
}  

@INPROCEEDINGS{Pan13, 
author={Bei Pan and Demiryurek, U. and Shahabi, C. and Gupta, C.}, 
booktitle={Data Mining (ICDM), 2013 IEEE 13th International Conference on}, 
title={Forecasting Spatiotemporal Impact of Traffic Incidents on Road Networks}, 
year={2013}, 
month={Dec}, 
pages={587-596}
}

@article{Pearson00,
author = {Karl Pearson},
title = {X. On the criterion that a given system of deviations from the probable in the case of a correlated system of variables is such that it can be reasonably supposed to have arisen from random sampling},
journal = {Philosophical Magazine Series 5},
volume = {50},
number = {302},
pages = {157-175},
year = {1900}
}

@inproceedings{Samet08,
author = {Samet, Hanan and Sankaranarayanan, Jagan and Alborzi, Houman},
title = {Scalable Network Distance Browsing in Spatial Databases},
booktitle = {Proceedings of the 2008 ACM SIGMOD International Conference on Management of Data},
series = {SIGMOD '08},
year = {2008},
location = {Vancouver, Canada},
pages = {43--54},
numpages = {12},
publisher = {ACM},
address = {New York, NY, USA}
} 

@misc{Sarma08,
author = {Anish Das Sarma},
title = {Why uncertainty in data is great?},
howpublished = {\url{http://infoblog.stanford.edu/2008/07/why-uncertainty-in-data-is-great-posted.html}},
note = {Accessed: 2008-07}
}

@article{Seshadri10,
author = {Seshadri, Ravi and Srinivasan, Karthik},
day = {1},
journal = {Transportation Research Record: Journal of the Transportation Research Board},
month = dec,
number = {-1},
pages = {83--92},
title = {Algorithm for Determining Most Reliable Travel Time Path on Network with Normally Distributed and Correlated Link Travel Times},
volume = {2196},
year = {2010}
}

@INPROCEEDINGS{Soliman07,
author={Soliman, M.A. and Ilyas, I.F. and Chen-Chuan Chang, K.}, 
booktitle={Data Engineering, 2007. ICDE 2007. IEEE 23rd International Conference on}, 
title={Top-k Query Processing in Uncertain Databases}, 
year={2007}, 
month={April}, 
pages={896-905}
}

@article{Soper17,
title = {On the Distribution of the Correlation Coefficient in Small Samples. Appendix II to the Papers of "Student" and R. A. Fisher},
author = {Soper, H. E. and Young, A. W. and Cave, B. M. and Lee, A. and Pearson, K.},
journal = {Biometrika},
volume = {11},
number = {4},
pages = {pp. 328-413},
year = {1917},
publisher = {Biometrika Trust}
}

@ARTICLE{Sun06, 
author={Shiliang Sun and Changshui Zhang and Guoqiang Yu}, 
journal={Intelligent Transportation Systems, IEEE Transactions on}, 
title={A bayesian network approach to traffic flow forecasting}, 
year={2006}, 
month={March}, 
volume={7}, 
number={1}, 
pages={124-132}, 
}

@book{Taylor97,
author = {Taylor, John R.},
day = {1},
edition = {2nd},
publisher = {University Science Books},
title = {An Introduction to Error Analysis: The Study of Uncertainties in Physical Measurements},
year = {1997}
}

@article {Waller02,
author = {Waller, S. Travis and Ziliaskopoulos, Athanasios K.},
title = {On the online shortest path problem with limited arc cost dependencies},
journal = {Networks},
volume = {40},
number = {4},
publisher = {Wiley Subscription Services, Inc., A Wiley Company},
pages = {216--227},
year = {2002}
}

@article{Xu15,
author = {Jie Xu and Dingxiong Deng and Ugur Demiryurek and Cyrus Shahabi and Mihaela van der Schaar},
title     = {Mining the Situation: Spatiotemporal Traffic Prediction With Big Data},
journal   = {J. Sel. Topics Signal Processing},
volume    = {9},
number    = {4},
pages     = {702--715},
year      = {2015}
}

@article{Yang13,
author = {Yang, Bin and Guo, Chenjuan and Jensen, Christian S.},
title = {Travel Cost Inference from Sparse, Spatio Temporally Correlated Time Series Using Markov Models},
journal = {Proc. VLDB Endow.},
issue_date = {July 2013},
volume = {6},
number = {9},
month = jul,
year = {2013},
pages = {769--780},
numpages = {12},
publisher = {VLDB Endowment}
} 

@ARTICLE{Yuan13, 
author={Jing Yuan and Yu Zheng and Xing Xie and Guangzhong Sun}, 
journal={Knowledge and Data Engineering, IEEE Transactions on}, 
title={T-Drive: Enhancing Driving Directions with Taxi Drivers' Intelligence}, 
year={2013}, 
month={Jan}, 
volume={25}, 
number={1}, 
pages={220-232}
}

@article{Zockaei13,
author = {Ali Zockaie and Yu Nie and Xing Wu and Hani Mahmassani},
title = {Impacts of Correlations on Reliable Shortest Path Finding},
journal = {Transportation Research Record: Journal of the Transportation Research Board},
volume = {2334},
pages = {1-9},
year = {2013}
}